%YAML 1.1
%TAG !u! tag:unity3d.com,2011:
--- !u!1 &125882
GameObject:
  m_ObjectHideFlags: 0
  m_PrefabParentObject: {fileID: 0}
  m_PrefabInternal: {fileID: 100100000}
  serializedVersion: 4
  m_Component:
  - 4: {fileID: 430964}
  - 23: {fileID: 2382222}
  - 33: {fileID: 3307472}
  - 114: {fileID: 11443734}
  m_Layer: 0
  m_Name: idee
  m_TagString: Untagged
  m_Icon: {fileID: 0}
  m_NavMeshLayer: 0
  m_StaticEditorFlags: 0
  m_IsActive: 1
--- !u!1 &133908
GameObject:
  m_ObjectHideFlags: 0
  m_PrefabParentObject: {fileID: 0}
  m_PrefabInternal: {fileID: 100100000}
  serializedVersion: 4
  m_Component:
  - 4: {fileID: 407398}
  - 23: {fileID: 2334178}
  - 33: {fileID: 3331026}
  - 114: {fileID: 11418592}
  - 114: {fileID: 11497226}
  - 114: {fileID: 11473400}
  m_Layer: 0
  m_Name: PopupDecision
  m_TagString: Untagged
  m_Icon: {fileID: 0}
  m_NavMeshLayer: 0
  m_StaticEditorFlags: 0
  m_IsActive: 1
--- !u!1 &144430
GameObject:
  m_ObjectHideFlags: 1
  m_PrefabParentObject: {fileID: 0}
  m_PrefabInternal: {fileID: 100100000}
  serializedVersion: 4
  m_Component:
  - 4: {fileID: 407520}
  - 23: {fileID: 2311316}
  - 102: {fileID: 10218510}
  - 114: {fileID: 11412518}
  m_Layer: 0
  m_Name: ttftext
  m_TagString: Untagged
  m_Icon: {fileID: 0}
  m_NavMeshLayer: 0
  m_StaticEditorFlags: 0
  m_IsActive: 1
--- !u!1 &145574
GameObject:
  m_ObjectHideFlags: 1
  m_PrefabParentObject: {fileID: 0}
  m_PrefabInternal: {fileID: 100100000}
  serializedVersion: 4
  m_Component:
  - 4: {fileID: 422910}
  - 23: {fileID: 2358812}
  - 33: {fileID: 3385548}
  - 114: {fileID: 11476382}
  m_Layer: 0
  m_Name: Sprite0
  m_TagString: Untagged
  m_Icon: {fileID: 0}
  m_NavMeshLayer: 0
  m_StaticEditorFlags: 0
  m_IsActive: 1
--- !u!1 &148014
GameObject:
  m_ObjectHideFlags: 1
  m_PrefabParentObject: {fileID: 0}
  m_PrefabInternal: {fileID: 100100000}
  serializedVersion: 4
  m_Component:
  - 4: {fileID: 441760}
  - 23: {fileID: 2377470}
  - 102: {fileID: 10247554}
  - 114: {fileID: 11436918}
  m_Layer: 0
  m_Name: ttftext
  m_TagString: Untagged
  m_Icon: {fileID: 0}
  m_NavMeshLayer: 0
  m_StaticEditorFlags: 0
  m_IsActive: 1
--- !u!1 &163038
GameObject:
  m_ObjectHideFlags: 1
  m_PrefabParentObject: {fileID: 0}
  m_PrefabInternal: {fileID: 100100000}
  serializedVersion: 4
  m_Component:
  - 4: {fileID: 425062}
  - 23: {fileID: 2312926}
  - 33: {fileID: 3322310}
  - 114: {fileID: 11470604}
  m_Layer: 0
  m_Name: Sprite1
  m_TagString: Untagged
  m_Icon: {fileID: 0}
  m_NavMeshLayer: 0
  m_StaticEditorFlags: 0
  m_IsActive: 1
--- !u!1 &167128
GameObject:
  m_ObjectHideFlags: 0
  m_PrefabParentObject: {fileID: 0}
  m_PrefabInternal: {fileID: 100100000}
  serializedVersion: 4
  m_Component:
  - 4: {fileID: 474748}
  - 23: {fileID: 2311284}
  - 33: {fileID: 3315214}
  - 114: {fileID: 11425896}
  m_Layer: 0
  m_Name: fond
  m_TagString: Untagged
  m_Icon: {fileID: 0}
  m_NavMeshLayer: 0
  m_StaticEditorFlags: 0
  m_IsActive: 1
--- !u!1 &186360
GameObject:
  m_ObjectHideFlags: 0
  m_PrefabParentObject: {fileID: 0}
  m_PrefabInternal: {fileID: 100100000}
  serializedVersion: 4
  m_Component:
  - 4: {fileID: 495884}
  - 33: {fileID: 3330926}
  - 23: {fileID: 2314254}
  - 114: {fileID: 11414934}
  - 114: {fileID: 11438540}
  - 114: {fileID: 11483176}
  m_Layer: 0
  m_Name: boutonAnnuler
  m_TagString: Untagged
  m_Icon: {fileID: 0}
  m_NavMeshLayer: 0
  m_StaticEditorFlags: 0
  m_IsActive: 1
--- !u!1 &189580
GameObject:
  m_ObjectHideFlags: 0
  m_PrefabParentObject: {fileID: 0}
  m_PrefabInternal: {fileID: 100100000}
  serializedVersion: 4
  m_Component:
  - 4: {fileID: 454406}
  - 23: {fileID: 2300948}
  - 33: {fileID: 3323780}
  - 114: {fileID: 11425850}
  - 114: {fileID: 11445126}
  - 65: {fileID: 6503944}
  m_Layer: 0
  m_Name: BarDeplacement
  m_TagString: Untagged
  m_Icon: {fileID: 0}
  m_NavMeshLayer: 0
  m_StaticEditorFlags: 0
  m_IsActive: 1
--- !u!1 &194054
GameObject:
  m_ObjectHideFlags: 0
  m_PrefabParentObject: {fileID: 0}
  m_PrefabInternal: {fileID: 100100000}
  serializedVersion: 4
  m_Component:
  - 4: {fileID: 495756}
  - 33: {fileID: 3359490}
  - 23: {fileID: 2369532}
  - 114: {fileID: 11474274}
  - 114: {fileID: 11403808}
  m_Layer: 0
  m_Name: boutonOK
  m_TagString: Untagged
  m_Icon: {fileID: 0}
  m_NavMeshLayer: 0
  m_StaticEditorFlags: 0
  m_IsActive: 1
--- !u!4 &407398
Transform:
  m_ObjectHideFlags: 1
  m_PrefabParentObject: {fileID: 0}
  m_PrefabInternal: {fileID: 100100000}
  m_GameObject: {fileID: 133908}
  m_LocalRotation: {x: 0, y: 0, z: 0, w: 1}
  m_LocalPosition: {x: 0.3105647, y: 0.16024381, z: -6}
  m_LocalScale: {x: 1, y: 1, z: 1}
  m_LocalEulerAnglesHint: {x: 0, y: 0, z: 0}
  m_Children:
  - {fileID: 430964}
  - {fileID: 495884}
  - {fileID: 495756}
  - {fileID: 454406}
  - {fileID: 474748}
  m_Father: {fileID: 0}
  m_RootOrder: 0
--- !u!4 &407520
Transform:
  m_ObjectHideFlags: 1
  m_PrefabParentObject: {fileID: 0}
  m_PrefabInternal: {fileID: 100100000}
  m_GameObject: {fileID: 144430}
  m_LocalRotation: {x: 0, y: 0, z: 0, w: 1}
  m_LocalPosition: {x: 0, y: 0, z: -0.0001}
  m_LocalScale: {x: 1, y: 1, z: 1}
  m_LocalEulerAnglesHint: {x: 0, y: 0, z: 0}
  m_Children: []
  m_Father: {fileID: 495756}
  m_RootOrder: 0
--- !u!4 &422910
Transform:
  m_ObjectHideFlags: 1
  m_PrefabParentObject: {fileID: 0}
  m_PrefabInternal: {fileID: 100100000}
  m_GameObject: {fileID: 145574}
  m_LocalRotation: {x: 0, y: 0, z: 0, w: 1}
  m_LocalPosition: {x: 0.155, y: -0.022375137, z: 0}
  m_LocalScale: {x: 1, y: 1, z: 1}
  m_LocalEulerAnglesHint: {x: 0, y: 0, z: 0}
  m_Children: []
  m_Father: {fileID: 430964}
  m_RootOrder: 0
--- !u!4 &425062
Transform:
  m_ObjectHideFlags: 1
  m_PrefabParentObject: {fileID: 0}
  m_PrefabInternal: {fileID: 100100000}
  m_GameObject: {fileID: 163038}
  m_LocalRotation: {x: 0, y: 0, z: 0, w: 1}
  m_LocalPosition: {x: 0.6017823, y: -0.27956495, z: 0.0009999275}
  m_LocalScale: {x: 1, y: 1, z: 1}
  m_LocalEulerAnglesHint: {x: 0, y: 0, z: 0}
  m_Children: []
  m_Father: {fileID: 430964}
  m_RootOrder: 1
--- !u!4 &430964
Transform:
  m_ObjectHideFlags: 1
  m_PrefabParentObject: {fileID: 0}
  m_PrefabInternal: {fileID: 100100000}
  m_GameObject: {fileID: 125882}
  m_LocalRotation: {x: 0, y: 0, z: 0, w: 1}
  m_LocalPosition: {x: -0.575, y: 0.304, z: -0.099999905}
  m_LocalScale: {x: 1, y: 1, z: 1}
  m_LocalEulerAnglesHint: {x: 0, y: 0, z: 0}
  m_Children:
  - {fileID: 422910}
  - {fileID: 425062}
  m_Father: {fileID: 407398}
  m_RootOrder: 0
--- !u!4 &441760
Transform:
  m_ObjectHideFlags: 1
  m_PrefabParentObject: {fileID: 0}
  m_PrefabInternal: {fileID: 100100000}
  m_GameObject: {fileID: 148014}
  m_LocalRotation: {x: 0, y: 0, z: 0, w: 1}
  m_LocalPosition: {x: 0, y: 0, z: -0.0001}
  m_LocalScale: {x: 1, y: 1, z: 1}
  m_LocalEulerAnglesHint: {x: 0, y: 0, z: 0}
  m_Children: []
  m_Father: {fileID: 495884}
  m_RootOrder: 0
--- !u!4 &454406
Transform:
  m_ObjectHideFlags: 1
  m_PrefabParentObject: {fileID: 0}
  m_PrefabInternal: {fileID: 100100000}
  m_GameObject: {fileID: 189580}
  m_LocalRotation: {x: 0, y: 0, z: 0, w: 1}
  m_LocalPosition: {x: 0.02232784, y: 0.42587358, z: -0.099999905}
  m_LocalScale: {x: 1, y: 1, z: 1}
  m_LocalEulerAnglesHint: {x: 0, y: 0, z: 0}
  m_Children: []
  m_Father: {fileID: 407398}
  m_RootOrder: 3
--- !u!4 &474748
Transform:
  m_ObjectHideFlags: 1
  m_PrefabParentObject: {fileID: 0}
  m_PrefabInternal: {fileID: 100100000}
  m_GameObject: {fileID: 167128}
  m_LocalRotation: {x: 0, y: 0, z: 0, w: 1}
  m_LocalPosition: {x: 0.6522677, y: 0.59408116, z: 0.099999905}
  m_LocalScale: {x: 1, y: 1, z: 1}
  m_LocalEulerAnglesHint: {x: 0, y: 0, z: 0}
  m_Children: []
  m_Father: {fileID: 407398}
  m_RootOrder: 4
--- !u!4 &495756
Transform:
  m_ObjectHideFlags: 1
  m_PrefabParentObject: {fileID: 0}
  m_PrefabInternal: {fileID: 100100000}
  m_GameObject: {fileID: 194054}
  m_LocalRotation: {x: 0, y: 0, z: 0, w: 1}
  m_LocalPosition: {x: 0.09, y: -0.427, z: -0.049949646}
  m_LocalScale: {x: 1, y: 1, z: 1}
  m_LocalEulerAnglesHint: {x: 0, y: 0, z: 0}
  m_Children:
  - {fileID: 407520}
  m_Father: {fileID: 407398}
  m_RootOrder: 2
--- !u!4 &495884
Transform:
  m_ObjectHideFlags: 1
  m_PrefabParentObject: {fileID: 0}
  m_PrefabInternal: {fileID: 100100000}
  m_GameObject: {fileID: 186360}
  m_LocalRotation: {x: 0, y: 0, z: 0, w: 1}
  m_LocalPosition: {x: 0.598, y: -0.427, z: -0.049949646}
  m_LocalScale: {x: 1, y: 1, z: 1}
  m_LocalEulerAnglesHint: {x: 0, y: 0, z: 0}
  m_Children:
  - {fileID: 441760}
  m_Father: {fileID: 407398}
  m_RootOrder: 1
--- !u!23 &2300948
MeshRenderer:
  m_ObjectHideFlags: 1
  m_PrefabParentObject: {fileID: 0}
  m_PrefabInternal: {fileID: 100100000}
  m_GameObject: {fileID: 189580}
  m_Enabled: 1
  m_CastShadows: 1
  m_ReceiveShadows: 1
  m_Materials:
  - {fileID: 2100000, guid: 2e0a44bc88fe549b1bfbe9cdaf738395, type: 2}
  m_SubsetIndices: 
  m_StaticBatchRoot: {fileID: 0}
  m_UseLightProbes: 1
  m_ReflectionProbeUsage: 1
  m_ProbeAnchor: {fileID: 0}
  m_ScaleInLightmap: 1
  m_PreserveUVs: 0
  m_IgnoreNormalsForChartDetection: 0
  m_ImportantGI: 0
  m_MinimumChartSize: 4
  m_AutoUVMaxDistance: 0.5
  m_AutoUVMaxAngle: 89
  m_LightmapParameters: {fileID: 0}
  m_SortingLayerID: 0
  m_SortingOrder: 0
--- !u!23 &2311284
MeshRenderer:
  m_ObjectHideFlags: 1
  m_PrefabParentObject: {fileID: 0}
  m_PrefabInternal: {fileID: 100100000}
  m_GameObject: {fileID: 167128}
  m_Enabled: 1
  m_CastShadows: 1
  m_ReceiveShadows: 1
  m_Materials:
  - {fileID: 2100000, guid: 2e0a44bc88fe549b1bfbe9cdaf738395, type: 2}
  m_SubsetIndices: 
  m_StaticBatchRoot: {fileID: 0}
  m_UseLightProbes: 1
  m_ReflectionProbeUsage: 1
  m_ProbeAnchor: {fileID: 0}
  m_ScaleInLightmap: 1
  m_PreserveUVs: 0
  m_IgnoreNormalsForChartDetection: 0
  m_ImportantGI: 0
  m_MinimumChartSize: 4
  m_AutoUVMaxDistance: 0.5
  m_AutoUVMaxAngle: 89
  m_LightmapParameters: {fileID: 0}
  m_SortingLayerID: 0
  m_SortingOrder: 0
--- !u!23 &2311316
MeshRenderer:
  m_ObjectHideFlags: 1
  m_PrefabParentObject: {fileID: 0}
  m_PrefabInternal: {fileID: 100100000}
  m_GameObject: {fileID: 144430}
  m_Enabled: 1
  m_CastShadows: 1
  m_ReceiveShadows: 1
  m_Materials:
  - {fileID: 2100000, guid: 7cf316377756b4e5588196bc697e2440, type: 3}
  m_SubsetIndices: 
  m_StaticBatchRoot: {fileID: 0}
  m_UseLightProbes: 0
  m_ReflectionProbeUsage: 1
  m_ProbeAnchor: {fileID: 0}
  m_ScaleInLightmap: 1
  m_PreserveUVs: 0
  m_IgnoreNormalsForChartDetection: 0
  m_ImportantGI: 0
  m_MinimumChartSize: 4
  m_AutoUVMaxDistance: 0.5
  m_AutoUVMaxAngle: 89
  m_LightmapParameters: {fileID: 0}
  m_SortingLayerID: 0
  m_SortingOrder: 0
--- !u!23 &2312926
MeshRenderer:
  m_ObjectHideFlags: 1
  m_PrefabParentObject: {fileID: 0}
  m_PrefabInternal: {fileID: 100100000}
  m_GameObject: {fileID: 163038}
  m_Enabled: 1
  m_CastShadows: 1
  m_ReceiveShadows: 1
  m_Materials:
  - {fileID: 2100000, guid: 2e0a44bc88fe549b1bfbe9cdaf738395, type: 2}
  m_SubsetIndices: 
  m_StaticBatchRoot: {fileID: 0}
  m_UseLightProbes: 1
  m_ReflectionProbeUsage: 1
  m_ProbeAnchor: {fileID: 0}
  m_ScaleInLightmap: 1
  m_PreserveUVs: 0
  m_IgnoreNormalsForChartDetection: 0
  m_ImportantGI: 0
  m_MinimumChartSize: 4
  m_AutoUVMaxDistance: 0.5
  m_AutoUVMaxAngle: 89
  m_LightmapParameters: {fileID: 0}
  m_SortingLayerID: 0
  m_SortingOrder: 0
--- !u!23 &2314254
MeshRenderer:
  m_ObjectHideFlags: 1
  m_PrefabParentObject: {fileID: 0}
  m_PrefabInternal: {fileID: 100100000}
  m_GameObject: {fileID: 186360}
  m_Enabled: 1
  m_CastShadows: 1
  m_ReceiveShadows: 1
  m_Materials:
  - {fileID: 2100000, guid: 2e0a44bc88fe549b1bfbe9cdaf738395, type: 2}
  m_SubsetIndices: 
  m_StaticBatchRoot: {fileID: 0}
  m_UseLightProbes: 0
  m_ReflectionProbeUsage: 1
  m_ProbeAnchor: {fileID: 0}
  m_ScaleInLightmap: 1
  m_PreserveUVs: 0
  m_IgnoreNormalsForChartDetection: 0
  m_ImportantGI: 0
  m_MinimumChartSize: 4
  m_AutoUVMaxDistance: 0.5
  m_AutoUVMaxAngle: 89
  m_LightmapParameters: {fileID: 0}
  m_SortingLayerID: 0
  m_SortingOrder: 0
--- !u!23 &2334178
MeshRenderer:
  m_ObjectHideFlags: 1
  m_PrefabParentObject: {fileID: 0}
  m_PrefabInternal: {fileID: 100100000}
  m_GameObject: {fileID: 133908}
  m_Enabled: 1
  m_CastShadows: 1
  m_ReceiveShadows: 1
  m_Materials:
  - {fileID: 2100000, guid: 2e0a44bc88fe549b1bfbe9cdaf738395, type: 2}
  m_SubsetIndices: 
  m_StaticBatchRoot: {fileID: 0}
  m_UseLightProbes: 1
  m_ReflectionProbeUsage: 1
  m_ProbeAnchor: {fileID: 0}
  m_ScaleInLightmap: 1
  m_PreserveUVs: 0
  m_IgnoreNormalsForChartDetection: 0
  m_ImportantGI: 0
  m_MinimumChartSize: 4
  m_AutoUVMaxDistance: 0.5
  m_AutoUVMaxAngle: 89
  m_LightmapParameters: {fileID: 0}
  m_SortingLayerID: 0
  m_SortingOrder: 0
--- !u!23 &2358812
MeshRenderer:
  m_ObjectHideFlags: 1
  m_PrefabParentObject: {fileID: 0}
  m_PrefabInternal: {fileID: 100100000}
  m_GameObject: {fileID: 145574}
  m_Enabled: 1
  m_CastShadows: 1
  m_ReceiveShadows: 1
  m_Materials:
  - {fileID: 2100000, guid: 2e0a44bc88fe549b1bfbe9cdaf738395, type: 2}
  m_SubsetIndices: 
  m_StaticBatchRoot: {fileID: 0}
  m_UseLightProbes: 1
  m_ReflectionProbeUsage: 1
  m_ProbeAnchor: {fileID: 0}
  m_ScaleInLightmap: 1
  m_PreserveUVs: 0
  m_IgnoreNormalsForChartDetection: 0
  m_ImportantGI: 0
  m_MinimumChartSize: 4
  m_AutoUVMaxDistance: 0.5
  m_AutoUVMaxAngle: 89
  m_LightmapParameters: {fileID: 0}
  m_SortingLayerID: 0
  m_SortingOrder: 0
--- !u!23 &2369532
MeshRenderer:
  m_ObjectHideFlags: 1
  m_PrefabParentObject: {fileID: 0}
  m_PrefabInternal: {fileID: 100100000}
  m_GameObject: {fileID: 194054}
  m_Enabled: 1
  m_CastShadows: 1
  m_ReceiveShadows: 1
  m_Materials:
  - {fileID: 2100000, guid: 2e0a44bc88fe549b1bfbe9cdaf738395, type: 2}
  m_SubsetIndices: 
  m_StaticBatchRoot: {fileID: 0}
  m_UseLightProbes: 0
  m_ReflectionProbeUsage: 1
  m_ProbeAnchor: {fileID: 0}
  m_ScaleInLightmap: 1
  m_PreserveUVs: 0
  m_IgnoreNormalsForChartDetection: 0
  m_ImportantGI: 0
  m_MinimumChartSize: 4
  m_AutoUVMaxDistance: 0.5
  m_AutoUVMaxAngle: 89
  m_LightmapParameters: {fileID: 0}
  m_SortingLayerID: 0
  m_SortingOrder: 0
--- !u!23 &2377470
MeshRenderer:
  m_ObjectHideFlags: 1
  m_PrefabParentObject: {fileID: 0}
  m_PrefabInternal: {fileID: 100100000}
  m_GameObject: {fileID: 148014}
  m_Enabled: 1
  m_CastShadows: 1
  m_ReceiveShadows: 1
  m_Materials:
  - {fileID: 2100000, guid: 7cf316377756b4e5588196bc697e2440, type: 3}
  m_SubsetIndices: 
  m_StaticBatchRoot: {fileID: 0}
  m_UseLightProbes: 0
  m_ReflectionProbeUsage: 1
  m_ProbeAnchor: {fileID: 0}
  m_ScaleInLightmap: 1
  m_PreserveUVs: 0
  m_IgnoreNormalsForChartDetection: 0
  m_ImportantGI: 0
  m_MinimumChartSize: 4
  m_AutoUVMaxDistance: 0.5
  m_AutoUVMaxAngle: 89
  m_LightmapParameters: {fileID: 0}
  m_SortingLayerID: 0
  m_SortingOrder: 0
--- !u!23 &2382222
MeshRenderer:
  m_ObjectHideFlags: 1
  m_PrefabParentObject: {fileID: 0}
  m_PrefabInternal: {fileID: 100100000}
  m_GameObject: {fileID: 125882}
  m_Enabled: 1
  m_CastShadows: 1
  m_ReceiveShadows: 1
  m_Materials:
  - {fileID: 2100000, guid: bfc6f7ef5794c4194908fc3766b8ffb1, type: 2}
  m_SubsetIndices: 
  m_StaticBatchRoot: {fileID: 0}
  m_UseLightProbes: 1
  m_ReflectionProbeUsage: 1
  m_ProbeAnchor: {fileID: 0}
  m_ScaleInLightmap: 1
  m_PreserveUVs: 0
  m_IgnoreNormalsForChartDetection: 0
  m_ImportantGI: 0
  m_MinimumChartSize: 4
  m_AutoUVMaxDistance: 0.5
  m_AutoUVMaxAngle: 89
  m_LightmapParameters: {fileID: 0}
  m_SortingLayerID: 0
  m_SortingOrder: 0
--- !u!33 &3307472
MeshFilter:
  m_ObjectHideFlags: 1
  m_PrefabParentObject: {fileID: 0}
  m_PrefabInternal: {fileID: 100100000}
  m_GameObject: {fileID: 125882}
  m_Mesh: {fileID: 0}
--- !u!33 &3315214
MeshFilter:
  m_ObjectHideFlags: 1
  m_PrefabParentObject: {fileID: 0}
  m_PrefabInternal: {fileID: 100100000}
  m_GameObject: {fileID: 167128}
  m_Mesh: {fileID: 0}
--- !u!33 &3322310
MeshFilter:
  m_ObjectHideFlags: 1
  m_PrefabParentObject: {fileID: 0}
  m_PrefabInternal: {fileID: 100100000}
  m_GameObject: {fileID: 163038}
  m_Mesh: {fileID: 0}
--- !u!33 &3323780
MeshFilter:
  m_ObjectHideFlags: 1
  m_PrefabParentObject: {fileID: 0}
  m_PrefabInternal: {fileID: 100100000}
  m_GameObject: {fileID: 189580}
  m_Mesh: {fileID: 0}
--- !u!33 &3330926
MeshFilter:
  m_ObjectHideFlags: 1
  m_PrefabParentObject: {fileID: 0}
  m_PrefabInternal: {fileID: 100100000}
  m_GameObject: {fileID: 186360}
  m_Mesh: {fileID: 0}
--- !u!33 &3331026
MeshFilter:
  m_ObjectHideFlags: 1
  m_PrefabParentObject: {fileID: 0}
  m_PrefabInternal: {fileID: 100100000}
  m_GameObject: {fileID: 133908}
  m_Mesh: {fileID: 0}
--- !u!33 &3359490
MeshFilter:
  m_ObjectHideFlags: 1
  m_PrefabParentObject: {fileID: 0}
  m_PrefabInternal: {fileID: 100100000}
  m_GameObject: {fileID: 194054}
  m_Mesh: {fileID: 0}
--- !u!33 &3385548
MeshFilter:
  m_ObjectHideFlags: 1
  m_PrefabParentObject: {fileID: 0}
  m_PrefabInternal: {fileID: 100100000}
  m_GameObject: {fileID: 145574}
  m_Mesh: {fileID: 0}
--- !u!65 &6503944
BoxCollider:
  m_ObjectHideFlags: 1
  m_PrefabParentObject: {fileID: 0}
  m_PrefabInternal: {fileID: 100100000}
  m_GameObject: {fileID: 189580}
  m_Material: {fileID: 0}
  m_IsTrigger: 0
  m_Enabled: 1
  serializedVersion: 2
  m_Size: {x: 0.8028786, y: 0.103847794, z: 0}
  m_Center: {x: 0, y: 0, z: 0}
--- !u!102 &10218510
TextMesh:
  serializedVersion: 3
  m_ObjectHideFlags: 1
  m_PrefabParentObject: {fileID: 0}
  m_PrefabInternal: {fileID: 100100000}
  m_GameObject: {fileID: 144430}
  m_Text: OK
  m_OffsetZ: 0
  m_CharacterSize: 0.0011
  m_LineSpacing: 1
  m_Anchor: 4
  m_Alignment: 1
  m_TabSize: 4
  m_FontSize: 1000
  m_FontStyle: 0
  m_RichText: 1
  m_Font: {fileID: 12800000, guid: 7cf316377756b4e5588196bc697e2440, type: 3}
  m_Color:
    serializedVersion: 2
    rgba: 4278190080
--- !u!102 &10247554
TextMesh:
  serializedVersion: 3
  m_ObjectHideFlags: 1
  m_PrefabParentObject: {fileID: 0}
  m_PrefabInternal: {fileID: 100100000}
  m_GameObject: {fileID: 148014}
  m_Text: Annuler
  m_OffsetZ: 0
  m_CharacterSize: 0.0011
  m_LineSpacing: 1
  m_Anchor: 4
  m_Alignment: 1
  m_TabSize: 4
  m_FontSize: 1000
  m_FontStyle: 0
  m_RichText: 1
  m_Font: {fileID: 12800000, guid: 7cf316377756b4e5588196bc697e2440, type: 3}
  m_Color:
    serializedVersion: 2
    rgba: 4278190080
--- !u!114 &11403808
MonoBehaviour:
  m_ObjectHideFlags: 1
  m_PrefabParentObject: {fileID: 0}
  m_PrefabInternal: {fileID: 100100000}
  m_GameObject: {fileID: 194054}
  m_Enabled: 1
  m_EditorHideFlags: 0
  m_Script: {fileID: 11500000, guid: 783313a5ca68e4a47b5e6d6bcfc9c217, type: 3}
  m_Name: 
  m_EditorClassIdentifier: 
  m_ViewCamera: {fileID: 0}
  inputbusy: 0
  on: {fileID: 0}
  off: {fileID: 0}
  soundon: 1
  defaultvalue: 
  ligne: 0
--- !u!114 &11412518
MonoBehaviour:
  m_ObjectHideFlags: 1
  m_PrefabParentObject: {fileID: 0}
  m_PrefabInternal: {fileID: 100100000}
  m_GameObject: {fileID: 144430}
  m_Enabled: 1
  m_EditorHideFlags: 0
  m_Script: {fileID: 11500000, guid: 615d50c26e795254aad0b0493d216e9b, type: 3}
  m_Name: 
  m_EditorClassIdentifier: 
--- !u!114 &11414934
MonoBehaviour:
  m_ObjectHideFlags: 1
  m_PrefabParentObject: {fileID: 0}
  m_PrefabInternal: {fileID: 100100000}
  m_GameObject: {fileID: 186360}
  m_Enabled: 1
  m_EditorHideFlags: 0
  m_Script: {fileID: 11500000, guid: 14088a148d1a83e4780e3db13db5b6ca, type: 3}
  m_Name: 
  m_EditorClassIdentifier: 
  collection: {fileID: 11426088, guid: a5412c9a0d39a425fa22f4924255067b, type: 2}
  _color: {r: 1, g: 1, b: 1, a: 1}
  _scale: {x: 1, y: 1, z: 1}
  _spriteId: 3
  boxCollider2D: {fileID: 0}
  polygonCollider2D: []
  edgeCollider2D: []
  boxCollider: {fileID: 0}
  meshCollider: {fileID: 0}
  meshColliderPositions: []
  meshColliderMesh: {fileID: 0}
  renderLayer: 0
  _dimensions: {x: 350, y: 100}
  _anchor: 4
  _borderOnly: 0
  legacyMode: 0
  borderTop: 0.3265306
  borderBottom: 0.3265306
  borderLeft: 0.3265306
  borderRight: 0.3265306
  _createBoxCollider: 0
--- !u!114 &11418592
MonoBehaviour:
  m_ObjectHideFlags: 1
  m_PrefabParentObject: {fileID: 0}
  m_PrefabInternal: {fileID: 100100000}
  m_GameObject: {fileID: 133908}
  m_Enabled: 1
  m_EditorHideFlags: 0
  m_Script: {fileID: 11500000, guid: 3fac570381f34f647b768dc5a5aa1364, type: 3}
  m_Name: 
  m_EditorClassIdentifier: 
  collection: {fileID: 11426088, guid: a5412c9a0d39a425fa22f4924255067b, type: 2}
  _color: {r: 0.6985294, g: 0.25489947, b: 0.1797686, a: 1}
  _scale: {x: 43.078003, y: 25.961037, z: 1}
  _spriteId: 0
  boxCollider2D: {fileID: 0}
  polygonCollider2D: []
  edgeCollider2D: []
  boxCollider: {fileID: 0}
  meshCollider: {fileID: 0}
  meshColliderPositions: []
  meshColliderMesh: {fileID: 0}
  renderLayer: 0
--- !u!114 &11425850
MonoBehaviour:
  m_ObjectHideFlags: 1
  m_PrefabParentObject: {fileID: 0}
  m_PrefabInternal: {fileID: 100100000}
  m_GameObject: {fileID: 189580}
  m_Enabled: 1
  m_EditorHideFlags: 0
  m_Script: {fileID: 11500000, guid: 3fac570381f34f647b768dc5a5aa1364, type: 3}
  m_Name: 
  m_EditorClassIdentifier: 
  collection: {fileID: 11426088, guid: a5412c9a0d39a425fa22f4924255067b, type: 2}
  _color: {r: 0.8, g: 0.27058822, b: 0.30344823, a: 1}
  _scale: {x: 3.8023705, y: 2.8853953, z: 1}
  _spriteId: 18
  boxCollider2D: {fileID: 0}
  polygonCollider2D: []
  edgeCollider2D: []
  boxCollider: {fileID: 0}
  meshCollider: {fileID: 0}
  meshColliderPositions: []
  meshColliderMesh: {fileID: 0}
  renderLayer: 0
--- !u!114 &11425896
MonoBehaviour:
  m_ObjectHideFlags: 1
  m_PrefabParentObject: {fileID: 0}
  m_PrefabInternal: {fileID: 100100000}
  m_GameObject: {fileID: 167128}
  m_Enabled: 1
  m_EditorHideFlags: 0
  m_Script: {fileID: 11500000, guid: 3fac570381f34f647b768dc5a5aa1364, type: 3}
  m_Name: 
  m_EditorClassIdentifier: 
  collection: {fileID: 11426088, guid: a5412c9a0d39a425fa22f4924255067b, type: 2}
  _color: {r: 0, g: 0.00021626339, b: 0.00021626339, a: 0.509}
  _scale: {x: 882.2029, y: 478.03308, z: 1}
  _spriteId: 0
  boxCollider2D: {fileID: 0}
  polygonCollider2D: []
  edgeCollider2D: []
  boxCollider: {fileID: 0}
  meshCollider: {fileID: 0}
  meshColliderPositions: []
  meshColliderMesh: {fileID: 0}
  renderLayer: 0
--- !u!114 &11436918
MonoBehaviour:
  m_ObjectHideFlags: 1
  m_PrefabParentObject: {fileID: 0}
  m_PrefabInternal: {fileID: 100100000}
  m_GameObject: {fileID: 148014}
  m_Enabled: 1
  m_EditorHideFlags: 0
  m_Script: {fileID: 11500000, guid: 615d50c26e795254aad0b0493d216e9b, type: 3}
  m_Name: 
  m_EditorClassIdentifier: 
--- !u!114 &11438540
MonoBehaviour:
  m_ObjectHideFlags: 1
  m_PrefabParentObject: {fileID: 0}
  m_PrefabInternal: {fileID: 100100000}
  m_GameObject: {fileID: 186360}
  m_Enabled: 1
  m_EditorHideFlags: 0
  m_Script: {fileID: 11500000, guid: 5ef9f1f0f10cf4974bb89d50c92ebeaa, type: 3}
  m_Name: 
  m_EditorClassIdentifier: 
  m_ViewCamera: {fileID: 0}
  inputbusy: 0
  on: {fileID: 0}
  off: {fileID: 0}
  soundon: 1
  defaultvalue: 
--- !u!114 &11443734
MonoBehaviour:
  m_ObjectHideFlags: 1
  m_PrefabParentObject: {fileID: 0}
  m_PrefabInternal: {fileID: 100100000}
  m_GameObject: {fileID: 125882}
  m_Enabled: 1
  m_EditorHideFlags: 0
  m_Script: {fileID: 11500000, guid: 994457055a9434b4aa7b65ad37262d67, type: 3}
  m_Name: 
  m_EditorClassIdentifier: 
  _font: {fileID: 0}
  _text: 
  _color: {r: 1, g: 1, b: 1, a: 1}
  _color2: {r: 1, g: 1, b: 1, a: 1}
  _useGradient: 0
  _textureGradient: 0
  _anchor: 6
  _scale: {x: 1, y: 1, z: 1}
  _kerning: 0
  _maxChars: 16
  _inlineStyling: 0
  _formatting: 0
  _wordWrapWidth: 0
  spacing: 0
  lineSpacing: 0
  data:
    version: 1
    font: {fileID: 11469096, guid: daa6670596a0f4978a81695f9ab8080d, type: 2}
    text: 'SUPRIMER:     '
    color: {r: 0, g: 0, b: 0, a: 1}
    color2: {r: 1, g: 1, b: 1, a: 1}
    useGradient: 0
    textureGradient: 0
    anchor: 0
    renderLayer: 0
    scale: {x: 0.5, y: 0.5, z: 0}
    kerning: 0
    maxChars: 300
    inlineStyling: 1
    formatting: 1
    wordWrapWidth: 924
    spacing: 0
    lineSpacing: 0
--- !u!114 &11445126
MonoBehaviour:
  m_ObjectHideFlags: 1
  m_PrefabParentObject: {fileID: 0}
  m_PrefabInternal: {fileID: 100100000}
  m_GameObject: {fileID: 189580}
  m_Enabled: 1
  m_EditorHideFlags: 0
  m_Script: {fileID: 11500000, guid: 4e555c9868eca41e8a923ea979047cc2, type: 3}
  m_Name: 
  m_EditorClassIdentifier: 
  m_ViewCamera: {fileID: 0}
  click: 0
--- !u!114 &11470604
MonoBehaviour:
  m_ObjectHideFlags: 1
  m_PrefabParentObject: {fileID: 0}
  m_PrefabInternal: {fileID: 100100000}
  m_GameObject: {fileID: 163038}
  m_Enabled: 1
  m_EditorHideFlags: 0
  m_Script: {fileID: 11500000, guid: 3fac570381f34f647b768dc5a5aa1364, type: 3}
  m_Name: 
  m_EditorClassIdentifier: 
  collection: {fileID: 11426088, guid: a5412c9a0d39a425fa22f4924255067b, type: 2}
  _color: {r: 0.9485294, g: 0.85786116, b: 0.85786116, a: 1}
  _scale: {x: 29.885553, y: 14.41911, z: 1}
  _spriteId: 0
  boxCollider2D: {fileID: 0}
  polygonCollider2D: []
  edgeCollider2D: []
  boxCollider: {fileID: 0}
  meshCollider: {fileID: 0}
  meshColliderPositions: []
  meshColliderMesh: {fileID: 0}
  renderLayer: 0
--- !u!114 &11473400
MonoBehaviour:
  m_ObjectHideFlags: 1
  m_PrefabParentObject: {fileID: 0}
  m_PrefabInternal: {fileID: 100100000}
  m_GameObject: {fileID: 133908}
  m_Enabled: 1
  m_EditorHideFlags: 0
  m_Script: {fileID: 11500000, guid: 352ee6b5054684a54a8a39b68d53894d, type: 3}
  m_Name: 
  m_EditorClassIdentifier: 
  ligneAct: 0
--- !u!114 &11474274
MonoBehaviour:
  m_ObjectHideFlags: 1
  m_PrefabParentObject: {fileID: 0}
  m_PrefabInternal: {fileID: 100100000}
  m_GameObject: {fileID: 194054}
  m_Enabled: 1
  m_EditorHideFlags: 0
  m_Script: {fileID: 11500000, guid: 14088a148d1a83e4780e3db13db5b6ca, type: 3}
  m_Name: 
  m_EditorClassIdentifier: 
  collection: {fileID: 11426088, guid: a5412c9a0d39a425fa22f4924255067b, type: 2}
  _color: {r: 1, g: 1, b: 1, a: 1}
  _scale: {x: 1, y: 1, z: 1}
  _spriteId: 3
  boxCollider2D: {fileID: 0}
  polygonCollider2D: []
  edgeCollider2D: []
  boxCollider: {fileID: 0}
  meshCollider: {fileID: 0}
  meshColliderPositions: []
  meshColliderMesh: {fileID: 0}
  renderLayer: 0
  _dimensions: {x: 350, y: 100}
  _anchor: 4
  _borderOnly: 0
  legacyMode: 0
  borderTop: 0.3265306
  borderBottom: 0.3265306
  borderLeft: 0.3265306
  borderRight: 0.3265306
  _createBoxCollider: 0
--- !u!114 &11476382
MonoBehaviour:
  m_ObjectHideFlags: 1
  m_PrefabParentObject: {fileID: 0}
  m_PrefabInternal: {fileID: 100100000}
  m_GameObject: {fileID: 145574}
  m_Enabled: 1
  m_EditorHideFlags: 0
  m_Script: {fileID: 11500000, guid: 3fac570381f34f647b768dc5a5aa1364, type: 3}
  m_Name: 
  m_EditorClassIdentifier: 
  collection: {fileID: 11426088, guid: a5412c9a0d39a425fa22f4924255067b, type: 2}
  _color: {r: 1, g: 1, b: 1, a: 1}
  _scale: {x: 8.27435, y: 1.9342669, z: 1}
  _spriteId: 0
  boxCollider2D: {fileID: 0}
  polygonCollider2D: []
  edgeCollider2D: []
  boxCollider: {fileID: 0}
  meshCollider: {fileID: 0}
  meshColliderPositions: []
  meshColliderMesh: {fileID: 0}
  renderLayer: 0
--- !u!114 &11483176
MonoBehaviour:
  m_ObjectHideFlags: 1
  m_PrefabParentObject: {fileID: 0}
  m_PrefabInternal: {fileID: 100100000}
  m_GameObject: {fileID: 186360}
  m_Enabled: 1
  m_EditorHideFlags: 0
  m_Script: {fileID: 11500000, guid: 5064e88a113b7431994649e9582b3e53, type: 3}
  m_Name: 
  m_EditorClassIdentifier: 
  m_ViewCamera: {fileID: 0}
  inputbusy: 0
  on: {fileID: 0}
  off: {fileID: 0}
  soundon: 1
  defaultvalue: 
--- !u!114 &11497226
MonoBehaviour:
  m_ObjectHideFlags: 1
  m_PrefabParentObject: {fileID: 0}
  m_PrefabInternal: {fileID: 100100000}
  m_GameObject: {fileID: 133908}
  m_Enabled: 0
  m_EditorHideFlags: 0
  m_Script: {fileID: 11500000, guid: d4f84c7d7209142f3ad129387af8eb34, type: 3}
  m_Name: 
  m_EditorClassIdentifier: 
  m_ViewCamera: {fileID: 0}
  inputbusy: 0
  on: {fileID: 0}
  off: {fileID: 0}
  soundon: 1
  defaultvalue: 
  myrealfather: {fileID: 0}
--- !u!1001 &100100000
Prefab:
  m_ObjectHideFlags: 1
  serializedVersion: 2
  m_Modification:
    m_TransformParent: {fileID: 0}
    m_Modifications: []
    m_RemovedComponents: []
  m_ParentPrefab: {fileID: 0}
  m_RootGameObject: {fileID: 133908}
  m_IsPrefabParent: 1
