%YAML 1.1
%TAG !u! tag:unity3d.com,2011:
--- !u!29 &1
SceneSettings:
  m_ObjectHideFlags: 0
  m_PVSData: 
  m_PVSObjectsArray: []
  m_PVSPortalsArray: []
  m_OcclusionBakeSettings:
    smallestOccluder: 5
    smallestHole: 0.25
    backfaceThreshold: 100
--- !u!104 &2
RenderSettings:
  m_ObjectHideFlags: 0
  serializedVersion: 6
  m_Fog: 0
  m_FogColor: {r: 0.5, g: 0.5, b: 0.5, a: 1}
  m_FogMode: 3
  m_FogDensity: 0.01
  m_LinearFogStart: 0
  m_LinearFogEnd: 300
  m_AmbientSkyColor: {r: 0.2, g: 0.2, b: 0.2, a: 1}
  m_AmbientEquatorColor: {r: 0.2, g: 0.2, b: 0.2, a: 1}
  m_AmbientGroundColor: {r: 0.2, g: 0.2, b: 0.2, a: 1}
  m_AmbientIntensity: 1
  m_AmbientMode: 3
  m_SkyboxMaterial: {fileID: 0}
  m_HaloStrength: 0.5
  m_FlareStrength: 1
  m_FlareFadeSpeed: 3
  m_HaloTexture: {fileID: 0}
  m_SpotCookie: {fileID: 10001, guid: 0000000000000000e000000000000000, type: 0}
  m_DefaultReflectionMode: 0
  m_DefaultReflectionResolution: 128
  m_ReflectionBounces: 1
  m_ReflectionIntensity: 1
  m_CustomReflection: {fileID: 0}
  m_Sun: {fileID: 0}
--- !u!157 &4
LightmapSettings:
  m_ObjectHideFlags: 0
  serializedVersion: 6
  m_GIWorkflowMode: 1
  m_LightmapsMode: 1
  m_GISettings:
    serializedVersion: 2
    m_BounceScale: 1
    m_IndirectOutputScale: 1
    m_AlbedoBoost: 1
    m_TemporalCoherenceThreshold: 1
    m_EnvironmentLightingMode: 0
    m_EnableBakedLightmaps: 1
    m_EnableRealtimeLightmaps: 0
  m_LightmapEditorSettings:
    serializedVersion: 3
    m_Resolution: 1
    m_BakeResolution: 50
    m_TextureWidth: 1024
    m_TextureHeight: 1024
    m_AOMaxDistance: 1
    m_Padding: 2
    m_CompAOExponent: 0
    m_LightmapParameters: {fileID: 0}
    m_TextureCompression: 0
    m_FinalGather: 0
    m_FinalGatherRayCount: 1024
    m_ReflectionCompression: 2
  m_LightingDataAsset: {fileID: 0}
  m_RuntimeCPUUsage: 25
--- !u!196 &5
NavMeshSettings:
  serializedVersion: 2
  m_ObjectHideFlags: 0
  m_BuildSettings:
    serializedVersion: 2
    agentRadius: 0.5
    agentHeight: 2
    agentSlope: 45
    agentClimb: 0.4
    ledgeDropHeight: 0
    maxJumpAcrossDistance: 0
    accuratePlacement: 0
    minRegionArea: 2
    cellSize: 0.16666666
    manualCellSize: 0
  m_NavMeshData: {fileID: 0}
--- !u!1 &365752864
GameObject:
  m_ObjectHideFlags: 0
  m_PrefabParentObject: {fileID: 140670, guid: 9cfe6a5a1dc5548f8a7bb3c05d09edcf, type: 2}
  m_PrefabInternal: {fileID: 0}
  serializedVersion: 4
  m_Component:
  - 4: {fileID: 365752865}
  - 33: {fileID: 365752868}
  - 23: {fileID: 365752867}
  - 114: {fileID: 365752866}
  m_Layer: 0
  m_Name: text
  m_TagString: Untagged
  m_Icon: {fileID: 0}
  m_NavMeshLayer: 0
  m_StaticEditorFlags: 0
  m_IsActive: 1
--- !u!4 &365752865
Transform:
  m_ObjectHideFlags: 0
  m_PrefabParentObject: {fileID: 440670, guid: 9cfe6a5a1dc5548f8a7bb3c05d09edcf, type: 2}
  m_PrefabInternal: {fileID: 0}
  m_GameObject: {fileID: 365752864}
  m_LocalRotation: {x: 0, y: 0, z: 0, w: 1}
  m_LocalPosition: {x: -0.516, y: 0.007, z: -0.1}
  m_LocalScale: {x: 1, y: 1, z: 1}
  m_LocalEulerAnglesHint: {x: 0, y: 0, z: 0}
  m_Children: []
  m_Father: {fileID: 1707035503}
  m_RootOrder: 0
--- !u!114 &365752866
MonoBehaviour:
  m_ObjectHideFlags: 0
  m_PrefabParentObject: {fileID: 11440672, guid: 9cfe6a5a1dc5548f8a7bb3c05d09edcf,
    type: 2}
  m_PrefabInternal: {fileID: 0}
  m_GameObject: {fileID: 365752864}
  m_Enabled: 1
  m_EditorHideFlags: 0
  m_Script: {fileID: 11500000, guid: 994457055a9434b4aa7b65ad37262d67, type: 3}
  m_Name: 
  m_EditorClassIdentifier: 
  _font: {fileID: 0}
  _text: 
  _color: {r: 1, g: 1, b: 1, a: 1}
  _color2: {r: 1, g: 1, b: 1, a: 1}
  _useGradient: 0
  _textureGradient: 0
  _anchor: 6
  _scale: {x: 1, y: 1, z: 1}
  _kerning: 0
  _maxChars: 16
  _inlineStyling: 0
  _formatting: 0
  _wordWrapWidth: 0
  spacing: 0
  lineSpacing: 0
  data:
    version: 1
    font: {fileID: 11469096, guid: daa6670596a0f4978a81695f9ab8080d, type: 2}
    text: Mytext
    color: {r: 1, g: 1, b: 1, a: 1}
    color2: {r: 1, g: 1, b: 1, a: 1}
    useGradient: 0
    textureGradient: 0
    anchor: 3
    renderLayer: 0
    scale: {x: 1, y: 1, z: 1}
    kerning: 0
    maxChars: 16
    inlineStyling: 0
    formatting: 0
    wordWrapWidth: 0
    spacing: 0
    lineSpacing: 0
--- !u!23 &365752867
MeshRenderer:
  m_ObjectHideFlags: 0
  m_PrefabParentObject: {fileID: 2340670, guid: 9cfe6a5a1dc5548f8a7bb3c05d09edcf,
    type: 2}
  m_PrefabInternal: {fileID: 0}
  m_GameObject: {fileID: 365752864}
  m_Enabled: 1
  m_CastShadows: 1
  m_ReceiveShadows: 1
  m_Materials:
  - {fileID: 2100000, guid: bfc6f7ef5794c4194908fc3766b8ffb1, type: 2}
  m_SubsetIndices: 
  m_StaticBatchRoot: {fileID: 0}
  m_UseLightProbes: 0
  m_ReflectionProbeUsage: 1
  m_ProbeAnchor: {fileID: 0}
  m_ScaleInLightmap: 1
  m_PreserveUVs: 0
  m_IgnoreNormalsForChartDetection: 0
  m_ImportantGI: 0
  m_MinimumChartSize: 4
  m_AutoUVMaxDistance: 0.5
  m_AutoUVMaxAngle: 89
  m_LightmapParameters: {fileID: 0}
  m_SortingLayerID: 0
  m_SortingOrder: 0
--- !u!33 &365752868
MeshFilter:
  m_ObjectHideFlags: 0
  m_PrefabParentObject: {fileID: 3340670, guid: 9cfe6a5a1dc5548f8a7bb3c05d09edcf,
    type: 2}
  m_PrefabInternal: {fileID: 0}
  m_GameObject: {fileID: 365752864}
  m_Mesh: {fileID: 0}
--- !u!1 &381830624
GameObject:
  m_ObjectHideFlags: 0
  m_PrefabParentObject: {fileID: 0}
  m_PrefabInternal: {fileID: 0}
  serializedVersion: 4
  m_Component:
  - 4: {fileID: 381830625}
  - 114: {fileID: 381830626}
  m_Layer: 0
  m_Name: ToMainApp_anchor
  m_TagString: Untagged
  m_Icon: {fileID: 0}
  m_NavMeshLayer: 0
  m_StaticEditorFlags: 0
  m_IsActive: 1
--- !u!4 &381830625
Transform:
  m_ObjectHideFlags: 0
  m_PrefabParentObject: {fileID: 0}
  m_PrefabInternal: {fileID: 0}
  m_GameObject: {fileID: 381830624}
  m_LocalRotation: {x: 0, y: 0, z: 0, w: 1}
  m_LocalPosition: {x: -1.1028509, y: -1.2248603, z: -4.3501005}
  m_LocalScale: {x: 1, y: 1, z: 1}
  m_LocalEulerAnglesHint: {x: 0, y: 0, z: 0}
  m_Children:
  - {fileID: 1875559297}
  - {fileID: 473756779}
  - {fileID: 658610654}
  m_Father: {fileID: 0}
  m_RootOrder: 1
--- !u!114 &381830626
MonoBehaviour:
  m_ObjectHideFlags: 0
  m_PrefabParentObject: {fileID: 0}
  m_PrefabInternal: {fileID: 0}
  m_GameObject: {fileID: 381830624}
  m_Enabled: 1
  m_EditorHideFlags: 0
  m_Script: {fileID: 11500000, guid: 53a89d25acd625f47b8be0781a032b76, type: 3}
  m_Name: 
  m_EditorClassIdentifier: 
--- !u!1 &473756774
GameObject:
  m_ObjectHideFlags: 0
  m_PrefabParentObject: {fileID: 140672, guid: 9cfe6a5a1dc5548f8a7bb3c05d09edcf, type: 2}
  m_PrefabInternal: {fileID: 0}
  serializedVersion: 4
  m_Component:
  - 4: {fileID: 473756779}
  - 33: {fileID: 473756778}
  - 23: {fileID: 473756777}
  - 114: {fileID: 473756776}
  - 114: {fileID: 473756775}
  m_Layer: 0
  m_Name: button
  m_TagString: Untagged
  m_Icon: {fileID: 0}
  m_NavMeshLayer: 0
  m_StaticEditorFlags: 0
  m_IsActive: 1
--- !u!114 &473756775
MonoBehaviour:
  m_ObjectHideFlags: 0
  m_PrefabParentObject: {fileID: 11440670, guid: 9cfe6a5a1dc5548f8a7bb3c05d09edcf,
    type: 2}
  m_PrefabInternal: {fileID: 0}
  m_GameObject: {fileID: 473756774}
  m_Enabled: 1
  m_EditorHideFlags: 0
  m_Script: {fileID: 11500000, guid: 2019317db6ef341109f4a227fbf7c22f, type: 3}
  m_Name: 
  m_EditorClassIdentifier: 
  m_ViewCamera: {fileID: 0}
  inputbusy: 0
  on: {fileID: 0}
  off: {fileID: 0}
  soundon: 1
  defaultvalue: 
--- !u!114 &473756776
MonoBehaviour:
  m_ObjectHideFlags: 0
  m_PrefabParentObject: {fileID: 11440674, guid: 9cfe6a5a1dc5548f8a7bb3c05d09edcf,
    type: 2}
  m_PrefabInternal: {fileID: 0}
  m_GameObject: {fileID: 473756774}
  m_Enabled: 1
  m_EditorHideFlags: 0
  m_Script: {fileID: 11500000, guid: 14088a148d1a83e4780e3db13db5b6ca, type: 3}
  m_Name: 
  m_EditorClassIdentifier: 
  collection: {fileID: 11426088, guid: a5412c9a0d39a425fa22f4924255067b, type: 2}
  _color: {r: 1, g: 1, b: 1, a: 1}
  _scale: {x: 1, y: 1, z: 1}
  _spriteId: 3
  boxCollider2D: {fileID: 0}
  polygonCollider2D: []
  edgeCollider2D: []
  boxCollider: {fileID: 0}
  meshCollider: {fileID: 0}
  meshColliderPositions: []
  meshColliderMesh: {fileID: 0}
  renderLayer: 0
  _dimensions: {x: 350, y: 91.300644}
  _anchor: 4
  _borderOnly: 0
  legacyMode: 0
  borderTop: 0.3265306
  borderBottom: 0.3265306
  borderLeft: 0.3265306
  borderRight: 0.3265306
  _createBoxCollider: 0
--- !u!23 &473756777
MeshRenderer:
  m_ObjectHideFlags: 0
  m_PrefabParentObject: {fileID: 2340672, guid: 9cfe6a5a1dc5548f8a7bb3c05d09edcf,
    type: 2}
  m_PrefabInternal: {fileID: 0}
  m_GameObject: {fileID: 473756774}
  m_Enabled: 1
  m_CastShadows: 1
  m_ReceiveShadows: 1
  m_Materials:
  - {fileID: 2100000, guid: 2e0a44bc88fe549b1bfbe9cdaf738395, type: 2}
  m_SubsetIndices: 
  m_StaticBatchRoot: {fileID: 0}
  m_UseLightProbes: 0
  m_ReflectionProbeUsage: 1
  m_ProbeAnchor: {fileID: 0}
  m_ScaleInLightmap: 1
  m_PreserveUVs: 0
  m_IgnoreNormalsForChartDetection: 0
  m_ImportantGI: 0
  m_MinimumChartSize: 4
  m_AutoUVMaxDistance: 0.5
  m_AutoUVMaxAngle: 89
  m_LightmapParameters: {fileID: 0}
  m_SortingLayerID: 0
  m_SortingOrder: 0
--- !u!33 &473756778
MeshFilter:
  m_ObjectHideFlags: 0
  m_PrefabParentObject: {fileID: 3340672, guid: 9cfe6a5a1dc5548f8a7bb3c05d09edcf,
    type: 2}
  m_PrefabInternal: {fileID: 0}
  m_GameObject: {fileID: 473756774}
  m_Mesh: {fileID: 0}
--- !u!4 &473756779
Transform:
  m_ObjectHideFlags: 0
  m_PrefabParentObject: {fileID: 440672, guid: 9cfe6a5a1dc5548f8a7bb3c05d09edcf, type: 2}
  m_PrefabInternal: {fileID: 0}
  m_GameObject: {fileID: 473756774}
  m_LocalRotation: {x: 0, y: 0, z: 0, w: 1}
  m_LocalPosition: {x: 0.232, y: -0.065232396, z: 0}
  m_LocalScale: {x: 1, y: 1, z: 1}
  m_LocalEulerAnglesHint: {x: 0, y: 0, z: 0}
  m_Children:
  - {fileID: 1223621119}
  m_Father: {fileID: 381830625}
  m_RootOrder: 1
--- !u!1 &658610653
GameObject:
  m_ObjectHideFlags: 0
  m_PrefabParentObject: {fileID: 140672, guid: 9cfe6a5a1dc5548f8a7bb3c05d09edcf, type: 2}
  m_PrefabInternal: {fileID: 0}
  serializedVersion: 4
  m_Component:
  - 4: {fileID: 658610654}
  - 33: {fileID: 658610658}
  - 23: {fileID: 658610657}
  - 114: {fileID: 658610656}
  - 114: {fileID: 658610655}
  m_Layer: 0
  m_Name: buttoncsv
  m_TagString: Untagged
  m_Icon: {fileID: 0}
  m_NavMeshLayer: 0
  m_StaticEditorFlags: 0
  m_IsActive: 1
--- !u!4 &658610654
Transform:
  m_ObjectHideFlags: 0
  m_PrefabParentObject: {fileID: 440672, guid: 9cfe6a5a1dc5548f8a7bb3c05d09edcf, type: 2}
  m_PrefabInternal: {fileID: 0}
  m_GameObject: {fileID: 658610653}
  m_LocalRotation: {x: 0, y: 0, z: 0, w: 1}
  m_LocalPosition: {x: 0.232, y: -0.171, z: 0}
  m_LocalScale: {x: 1, y: 1, z: 1}
  m_LocalEulerAnglesHint: {x: 0, y: 0, z: 0}
  m_Children:
  - {fileID: 1619727959}
  m_Father: {fileID: 381830625}
  m_RootOrder: 2
--- !u!114 &658610655
MonoBehaviour:
  m_ObjectHideFlags: 0
  m_PrefabParentObject: {fileID: 11440670, guid: 9cfe6a5a1dc5548f8a7bb3c05d09edcf,
    type: 2}
  m_PrefabInternal: {fileID: 0}
  m_GameObject: {fileID: 658610653}
  m_Enabled: 1
  m_EditorHideFlags: 0
  m_Script: {fileID: 11500000, guid: 34d298f3e9dce4e1595180c87cd8c8bf, type: 3}
  m_Name: 
  m_EditorClassIdentifier: 
  m_ViewCamera: {fileID: 0}
  inputbusy: 0
  on: {fileID: 0}
  off: {fileID: 0}
  soundon: 1
  defaultvalue: 
--- !u!114 &658610656
MonoBehaviour:
  m_ObjectHideFlags: 0
  m_PrefabParentObject: {fileID: 11440674, guid: 9cfe6a5a1dc5548f8a7bb3c05d09edcf,
    type: 2}
  m_PrefabInternal: {fileID: 0}
  m_GameObject: {fileID: 658610653}
  m_Enabled: 1
  m_EditorHideFlags: 0
  m_Script: {fileID: 11500000, guid: 14088a148d1a83e4780e3db13db5b6ca, type: 3}
  m_Name: 
  m_EditorClassIdentifier: 
  collection: {fileID: 11426088, guid: a5412c9a0d39a425fa22f4924255067b, type: 2}
  _color: {r: 1, g: 1, b: 1, a: 1}
  _scale: {x: 1, y: 1, z: 1}
  _spriteId: 3
  boxCollider2D: {fileID: 0}
  polygonCollider2D: []
  edgeCollider2D: []
  boxCollider: {fileID: 0}
  meshCollider: {fileID: 0}
  meshColliderPositions: []
  meshColliderMesh: {fileID: 0}
  renderLayer: 0
  _dimensions: {x: 350, y: 91.300644}
  _anchor: 4
  _borderOnly: 0
  legacyMode: 0
  borderTop: 0.3265306
  borderBottom: 0.3265306
  borderLeft: 0.3265306
  borderRight: 0.3265306
  _createBoxCollider: 0
--- !u!23 &658610657
MeshRenderer:
  m_ObjectHideFlags: 0
  m_PrefabParentObject: {fileID: 2340672, guid: 9cfe6a5a1dc5548f8a7bb3c05d09edcf,
    type: 2}
  m_PrefabInternal: {fileID: 0}
  m_GameObject: {fileID: 658610653}
  m_Enabled: 1
  m_CastShadows: 1
  m_ReceiveShadows: 1
  m_Materials:
  - {fileID: 2100000, guid: 2e0a44bc88fe549b1bfbe9cdaf738395, type: 2}
  m_SubsetIndices: 
  m_StaticBatchRoot: {fileID: 0}
  m_UseLightProbes: 0
  m_ReflectionProbeUsage: 1
  m_ProbeAnchor: {fileID: 0}
  m_ScaleInLightmap: 1
  m_PreserveUVs: 0
  m_IgnoreNormalsForChartDetection: 0
  m_ImportantGI: 0
  m_MinimumChartSize: 4
  m_AutoUVMaxDistance: 0.5
  m_AutoUVMaxAngle: 89
  m_LightmapParameters: {fileID: 0}
  m_SortingLayerID: 0
  m_SortingOrder: 0
--- !u!33 &658610658
MeshFilter:
  m_ObjectHideFlags: 0
  m_PrefabParentObject: {fileID: 3340672, guid: 9cfe6a5a1dc5548f8a7bb3c05d09edcf,
    type: 2}
  m_PrefabInternal: {fileID: 0}
  m_GameObject: {fileID: 658610653}
  m_Mesh: {fileID: 0}
--- !u!1 &684290810
GameObject:
  m_ObjectHideFlags: 0
  m_PrefabParentObject: {fileID: 0}
  m_PrefabInternal: {fileID: 0}
  serializedVersion: 4
  m_Component:
  - 4: {fileID: 684290812}
  - 114: {fileID: 684290811}
  m_Layer: 0
  m_Name: fullscreen
  m_TagString: Untagged
  m_Icon: {fileID: 0}
  m_NavMeshLayer: 0
  m_StaticEditorFlags: 0
  m_IsActive: 1
--- !u!114 &684290811
MonoBehaviour:
  m_ObjectHideFlags: 0
  m_PrefabParentObject: {fileID: 0}
  m_PrefabInternal: {fileID: 0}
  m_GameObject: {fileID: 684290810}
  m_Enabled: 1
  m_EditorHideFlags: 0
  m_Script: {fileID: 11500000, guid: ca9b71cfc0a7e436495af93f2062d6a9, type: 3}
  m_Name: 
  m_EditorClassIdentifier: 
  rootfilename: myfullscreen
  objtoload: 
  ini: 
  mtl: 
  obj: 
  objectroot: {fileID: 0}
  decalx: 0
  layernr: 8
  DebugGUI: Debug
  earlyskip: 1
--- !u!4 &684290812
Transform:
  m_ObjectHideFlags: 0
  m_PrefabParentObject: {fileID: 0}
  m_PrefabInternal: {fileID: 0}
  m_GameObject: {fileID: 684290810}
  m_LocalRotation: {x: 0, y: 0, z: 0, w: 1}
  m_LocalPosition: {x: 0.6585858, y: 0.00000023841858, z: 0}
  m_LocalScale: {x: 1, y: 1, z: 1}
  m_LocalEulerAnglesHint: {x: 0, y: 0, z: 0}
  m_Children: []
  m_Father: {fileID: 0}
  m_RootOrder: 5
--- !u!1 &907555413
GameObject:
  m_ObjectHideFlags: 0
  m_PrefabParentObject: {fileID: 0}
  m_PrefabInternal: {fileID: 0}
  serializedVersion: 4
  m_Component:
  - 4: {fileID: 907555414}
  m_Layer: 0
  m_Name: fonctionalitystart
  m_TagString: Untagged
  m_Icon: {fileID: 0}
  m_NavMeshLayer: 0
  m_StaticEditorFlags: 0
  m_IsActive: 1
--- !u!4 &907555414
Transform:
  m_ObjectHideFlags: 0
  m_PrefabParentObject: {fileID: 0}
  m_PrefabInternal: {fileID: 0}
  m_GameObject: {fileID: 907555413}
  m_LocalRotation: {x: 0, y: 0, z: 0, w: 1}
  m_LocalPosition: {x: -0.5, y: -0.217, z: 0}
  m_LocalScale: {x: 1, y: 1, z: 1}
  m_LocalEulerAnglesHint: {x: 0, y: 0, z: 0}
  m_Children:
  - {fileID: 1707035503}
  - {fileID: 1469442230}
  - {fileID: 1697335357}
  m_Father: {fileID: 918889347}
  m_RootOrder: 0
--- !u!1 &918889346
GameObject:
  m_ObjectHideFlags: 0
  m_PrefabParentObject: {fileID: 0}
  m_PrefabInternal: {fileID: 0}
  serializedVersion: 4
  m_Component:
  - 4: {fileID: 918889347}
  - 114: {fileID: 918889348}
  m_Layer: 0
  m_Name: topborder
  m_TagString: Untagged
  m_Icon: {fileID: 0}
  m_NavMeshLayer: 0
  m_StaticEditorFlags: 0
  m_IsActive: 1
--- !u!4 &918889347
Transform:
  m_ObjectHideFlags: 0
  m_PrefabParentObject: {fileID: 0}
  m_PrefabInternal: {fileID: 0}
  m_GameObject: {fileID: 918889346}
  m_LocalRotation: {x: 0, y: 0, z: 0, w: 1}
  m_LocalPosition: {x: 0, y: 0, z: 0}
  m_LocalScale: {x: 1, y: 1, z: 1}
  m_LocalEulerAnglesHint: {x: 0, y: 0, z: 0}
  m_Children:
  - {fileID: 907555414}
  m_Father: {fileID: 0}
  m_RootOrder: 2
--- !u!114 &918889348
MonoBehaviour:
  m_ObjectHideFlags: 0
  m_PrefabParentObject: {fileID: 0}
  m_PrefabInternal: {fileID: 0}
  m_GameObject: {fileID: 918889346}
  m_Enabled: 1
  m_EditorHideFlags: 0
  m_Script: {fileID: 11500000, guid: 7930566a43fcfa745a5c92fd207c89ba, type: 3}
  m_Name: 
  m_EditorClassIdentifier: 
--- !u!1 &1016457220
GameObject:
  m_ObjectHideFlags: 0
  m_PrefabParentObject: {fileID: 148772, guid: 968bee20a5e3df740a631bf27117ace1, type: 2}
  m_PrefabInternal: {fileID: 1580467350}
  serializedVersion: 4
  m_Component:
  - 4: {fileID: 1016457227}
  - 20: {fileID: 1016457226}
  - 92: {fileID: 1016457225}
  - 124: {fileID: 1016457224}
  - 81: {fileID: 1016457223}
  - 114: {fileID: 1016457222}
  - 114: {fileID: 1016457221}
  m_Layer: 0
  m_Name: Main Camera
  m_TagString: MainCamera
  m_Icon: {fileID: 0}
  m_NavMeshLayer: 0
  m_StaticEditorFlags: 0
  m_IsActive: 1
--- !u!114 &1016457221
MonoBehaviour:
  m_ObjectHideFlags: 0
  m_PrefabParentObject: {fileID: 11487804, guid: 968bee20a5e3df740a631bf27117ace1,
    type: 2}
  m_PrefabInternal: {fileID: 1580467350}
  m_GameObject: {fileID: 1016457220}
  m_Enabled: 1
  m_EditorHideFlags: 0
  m_Script: {fileID: 11500000, guid: 912c69078a43945efaa182e79fd74ee5, type: 3}
  m_Name: 
  m_EditorClassIdentifier: 
  DebugGUI: Debug
--- !u!114 &1016457222
MonoBehaviour:
  m_ObjectHideFlags: 0
  m_PrefabParentObject: {fileID: 11417860, guid: 968bee20a5e3df740a631bf27117ace1,
    type: 2}
  m_PrefabInternal: {fileID: 1580467350}
  m_GameObject: {fileID: 1016457220}
  m_Enabled: 1
  m_EditorHideFlags: 0
  m_Script: {fileID: 11500000, guid: f5e83ad771cb743de80eb084d98ffa35, type: 3}
  m_Name: 
  m_EditorClassIdentifier: 
--- !u!81 &1016457223
AudioListener:
  m_ObjectHideFlags: 0
  m_PrefabParentObject: {fileID: 8111858, guid: 968bee20a5e3df740a631bf27117ace1,
    type: 2}
  m_PrefabInternal: {fileID: 1580467350}
  m_GameObject: {fileID: 1016457220}
  m_Enabled: 1
--- !u!124 &1016457224
Behaviour:
  m_ObjectHideFlags: 0
  m_PrefabParentObject: {fileID: 12457844, guid: 968bee20a5e3df740a631bf27117ace1,
    type: 2}
  m_PrefabInternal: {fileID: 1580467350}
  m_GameObject: {fileID: 1016457220}
  m_Enabled: 1
--- !u!92 &1016457225
Behaviour:
  m_ObjectHideFlags: 0
  m_PrefabParentObject: {fileID: 9281262, guid: 968bee20a5e3df740a631bf27117ace1,
    type: 2}
  m_PrefabInternal: {fileID: 1580467350}
  m_GameObject: {fileID: 1016457220}
  m_Enabled: 1
--- !u!20 &1016457226
Camera:
  m_ObjectHideFlags: 0
  m_PrefabParentObject: {fileID: 2080324, guid: 968bee20a5e3df740a631bf27117ace1,
    type: 2}
  m_PrefabInternal: {fileID: 1580467350}
  m_GameObject: {fileID: 1016457220}
  m_Enabled: 1
  serializedVersion: 2
  m_ClearFlags: 2
  m_BackGroundColor: {r: 0.19215687, g: 0.3019608, b: 0.4745098, a: 0.019607844}
  m_NormalizedViewPortRect:
    serializedVersion: 2
    x: 0
    y: 0
    width: 1
    height: 1
  near clip plane: 0.3
  far clip plane: 1000
  field of view: 60
  orthographic: 1
  orthographic size: 1
  m_Depth: 1
  m_CullingMask:
    serializedVersion: 2
    m_Bits: 4294967295
  m_RenderingPath: -1
  m_TargetTexture: {fileID: 0}
  m_TargetDisplay: 0
  m_TargetEye: 3
  m_HDR: 0
  m_OcclusionCulling: 1
  m_StereoConvergence: 10
  m_StereoSeparation: 0.022
  m_StereoMirrorMode: 0
--- !u!4 &1016457227
Transform:
  m_ObjectHideFlags: 0
  m_PrefabParentObject: {fileID: 443368, guid: 968bee20a5e3df740a631bf27117ace1, type: 2}
  m_PrefabInternal: {fileID: 1580467350}
  m_GameObject: {fileID: 1016457220}
  m_LocalRotation: {x: 0, y: 0, z: 0, w: 1}
  m_LocalPosition: {x: 0, y: 0, z: -10}
  m_LocalScale: {x: 1, y: 1, z: 1}
  m_LocalEulerAnglesHint: {x: 0, y: 0, z: 0}
  m_Children: []
  m_Father: {fileID: 0}
  m_RootOrder: 0
--- !u!1 &1117551018
GameObject:
  m_ObjectHideFlags: 0
  m_PrefabParentObject: {fileID: 0}
  m_PrefabInternal: {fileID: 0}
  serializedVersion: 4
  m_Component:
  - 4: {fileID: 1117551021}
  - 114: {fileID: 1117551020}
  - 114: {fileID: 1117551019}
  m_Layer: 0
  m_Name: fonctionality
  m_TagString: Untagged
  m_Icon: {fileID: 0}
  m_NavMeshLayer: 0
  m_StaticEditorFlags: 0
  m_IsActive: 1
--- !u!114 &1117551019
MonoBehaviour:
  m_ObjectHideFlags: 0
  m_PrefabParentObject: {fileID: 0}
  m_PrefabInternal: {fileID: 0}
  m_GameObject: {fileID: 1117551018}
  m_Enabled: 1
  m_EditorHideFlags: 0
  m_Script: {fileID: 11500000, guid: 3d90ef9989d954ea89095d67944e059a, type: 3}
  m_Name: 
  m_EditorClassIdentifier: 
  m_ViewCamera: {fileID: 0}
  wasIpressed: 0
  maxyval: 5
  inertie: 0
--- !u!114 &1117551020
MonoBehaviour:
  m_ObjectHideFlags: 0
  m_PrefabParentObject: {fileID: 0}
  m_PrefabInternal: {fileID: 0}
  m_GameObject: {fileID: 1117551018}
  m_Enabled: 1
  m_EditorHideFlags: 0
  m_Script: {fileID: 11500000, guid: 25a2028ff65614984bd546fa3c735639, type: 3}
  m_Name: 
  m_EditorClassIdentifier: 
  DebugGUI: Debug
--- !u!4 &1117551021
Transform:
  m_ObjectHideFlags: 0
  m_PrefabParentObject: {fileID: 0}
  m_PrefabInternal: {fileID: 0}
  m_GameObject: {fileID: 1117551018}
  m_LocalRotation: {x: 0, y: 0, z: 0, w: 1}
  m_LocalPosition: {x: -0.56343836, y: -0.97321194, z: 0}
  m_LocalScale: {x: 1, y: 1, z: 1}
  m_LocalEulerAnglesHint: {x: 0, y: 0, z: 0}
  m_Children: []
  m_Father: {fileID: 0}
  m_RootOrder: 3
--- !u!1 &1223621118
GameObject:
  m_ObjectHideFlags: 0
  m_PrefabParentObject: {fileID: 140670, guid: 9cfe6a5a1dc5548f8a7bb3c05d09edcf, type: 2}
  m_PrefabInternal: {fileID: 0}
  serializedVersion: 4
  m_Component:
  - 4: {fileID: 1223621119}
  - 33: {fileID: 1223621122}
  - 23: {fileID: 1223621121}
  - 114: {fileID: 1223621120}
  m_Layer: 0
  m_Name: text
  m_TagString: Untagged
  m_Icon: {fileID: 0}
  m_NavMeshLayer: 0
  m_StaticEditorFlags: 0
  m_IsActive: 1
--- !u!4 &1223621119
Transform:
  m_ObjectHideFlags: 0
  m_PrefabParentObject: {fileID: 440670, guid: 9cfe6a5a1dc5548f8a7bb3c05d09edcf, type: 2}
  m_PrefabInternal: {fileID: 0}
  m_GameObject: {fileID: 1223621118}
  m_LocalRotation: {x: 0, y: 0, z: 0, w: 1}
  m_LocalPosition: {x: 0, y: 0, z: -0.1}
  m_LocalScale: {x: 1, y: 1, z: 1}
  m_LocalEulerAnglesHint: {x: 0, y: 0, z: 0}
  m_Children: []
  m_Father: {fileID: 473756779}
  m_RootOrder: 0
--- !u!114 &1223621120
MonoBehaviour:
  m_ObjectHideFlags: 0
  m_PrefabParentObject: {fileID: 11440672, guid: 9cfe6a5a1dc5548f8a7bb3c05d09edcf,
    type: 2}
  m_PrefabInternal: {fileID: 0}
  m_GameObject: {fileID: 1223621118}
  m_Enabled: 1
  m_EditorHideFlags: 0
  m_Script: {fileID: 11500000, guid: 994457055a9434b4aa7b65ad37262d67, type: 3}
  m_Name: 
  m_EditorClassIdentifier: 
  _font: {fileID: 0}
  _text: 
  _color: {r: 1, g: 1, b: 1, a: 1}
  _color2: {r: 1, g: 1, b: 1, a: 1}
  _useGradient: 0
  _textureGradient: 0
  _anchor: 6
  _scale: {x: 1, y: 1, z: 1}
  _kerning: 0
  _maxChars: 16
  _inlineStyling: 0
  _formatting: 0
  _wordWrapWidth: 0
  spacing: 0
  lineSpacing: 0
  data:
    version: 1
    font: {fileID: 11469096, guid: daa6670596a0f4978a81695f9ab8080d, type: 2}
    text: Main App
    color: {r: 0, g: 0, b: 0, a: 1}
    color2: {r: 1, g: 1, b: 1, a: 1}
    useGradient: 0
    textureGradient: 0
    anchor: 4
    renderLayer: 0
    scale: {x: 0.5, y: 0.5, z: 1}
    kerning: 0
    maxChars: 16
    inlineStyling: 0
    formatting: 0
    wordWrapWidth: 0
    spacing: 0
    lineSpacing: 0
--- !u!23 &1223621121
MeshRenderer:
  m_ObjectHideFlags: 0
  m_PrefabParentObject: {fileID: 2340670, guid: 9cfe6a5a1dc5548f8a7bb3c05d09edcf,
    type: 2}
  m_PrefabInternal: {fileID: 0}
  m_GameObject: {fileID: 1223621118}
  m_Enabled: 1
  m_CastShadows: 1
  m_ReceiveShadows: 1
  m_Materials:
  - {fileID: 2100000, guid: bfc6f7ef5794c4194908fc3766b8ffb1, type: 2}
  m_SubsetIndices: 
  m_StaticBatchRoot: {fileID: 0}
  m_UseLightProbes: 0
  m_ReflectionProbeUsage: 1
  m_ProbeAnchor: {fileID: 0}
  m_ScaleInLightmap: 1
  m_PreserveUVs: 0
  m_IgnoreNormalsForChartDetection: 0
  m_ImportantGI: 0
  m_MinimumChartSize: 4
  m_AutoUVMaxDistance: 0.5
  m_AutoUVMaxAngle: 89
  m_LightmapParameters: {fileID: 0}
  m_SortingLayerID: 0
  m_SortingOrder: 0
--- !u!33 &1223621122
MeshFilter:
  m_ObjectHideFlags: 0
  m_PrefabParentObject: {fileID: 3340670, guid: 9cfe6a5a1dc5548f8a7bb3c05d09edcf,
    type: 2}
  m_PrefabInternal: {fileID: 0}
  m_GameObject: {fileID: 1223621118}
  m_Mesh: {fileID: 0}
--- !u!1 &1469442229
GameObject:
  m_ObjectHideFlags: 0
  m_PrefabParentObject: {fileID: 140672, guid: 9cfe6a5a1dc5548f8a7bb3c05d09edcf, type: 2}
  m_PrefabInternal: {fileID: 0}
  serializedVersion: 4
  m_Component:
  - 4: {fileID: 1469442230}
  - 33: {fileID: 1469442233}
  - 23: {fileID: 1469442232}
  - 114: {fileID: 1469442231}
  m_Layer: 0
  m_Name: component
  m_TagString: Untagged
  m_Icon: {fileID: 0}
  m_NavMeshLayer: 0
  m_StaticEditorFlags: 0
  m_IsActive: 1
--- !u!4 &1469442230
Transform:
  m_ObjectHideFlags: 0
  m_PrefabParentObject: {fileID: 440672, guid: 9cfe6a5a1dc5548f8a7bb3c05d09edcf, type: 2}
  m_PrefabInternal: {fileID: 0}
  m_GameObject: {fileID: 1469442229}
  m_LocalRotation: {x: 0, y: 0, z: 0, w: 1}
  m_LocalPosition: {x: -0.5403583, y: -0.64614487, z: 0}
  m_LocalScale: {x: 1, y: 1, z: 1}
  m_LocalEulerAnglesHint: {x: 0, y: 0, z: 0}
  m_Children:
  - {fileID: 1875600596}
  m_Father: {fileID: 907555414}
  m_RootOrder: 1
--- !u!114 &1469442231
MonoBehaviour:
  m_ObjectHideFlags: 0
  m_PrefabParentObject: {fileID: 11440674, guid: 9cfe6a5a1dc5548f8a7bb3c05d09edcf,
    type: 2}
  m_PrefabInternal: {fileID: 0}
  m_GameObject: {fileID: 1469442229}
  m_Enabled: 1
  m_EditorHideFlags: 0
  m_Script: {fileID: 11500000, guid: 14088a148d1a83e4780e3db13db5b6ca, type: 3}
  m_Name: 
  m_EditorClassIdentifier: 
  collection: {fileID: 11426088, guid: a5412c9a0d39a425fa22f4924255067b, type: 2}
  _color: {r: 0.35294116, g: 0.35294116, b: 0.35294116, a: 1}
  _scale: {x: 1, y: 1, z: 1}
  _spriteId: 0
  boxCollider2D: {fileID: 0}
  polygonCollider2D: []
  edgeCollider2D: []
  boxCollider: {fileID: 0}
  meshCollider: {fileID: 0}
  meshColliderPositions: []
  meshColliderMesh: {fileID: 0}
  renderLayer: 0
  _dimensions: {x: 926.375, y: 84.8165}
  _anchor: 4
  _borderOnly: 0
  legacyMode: 0
  borderTop: 0.3265306
  borderBottom: 0.3265306
  borderLeft: 0.3265306
  borderRight: 0.3265306
  _createBoxCollider: 0
--- !u!23 &1469442232
MeshRenderer:
  m_ObjectHideFlags: 0
  m_PrefabParentObject: {fileID: 2340672, guid: 9cfe6a5a1dc5548f8a7bb3c05d09edcf,
    type: 2}
  m_PrefabInternal: {fileID: 0}
  m_GameObject: {fileID: 1469442229}
  m_Enabled: 1
  m_CastShadows: 1
  m_ReceiveShadows: 1
  m_Materials:
  - {fileID: 2100000, guid: 2e0a44bc88fe549b1bfbe9cdaf738395, type: 2}
  m_SubsetIndices: 
  m_StaticBatchRoot: {fileID: 0}
  m_UseLightProbes: 0
  m_ReflectionProbeUsage: 1
  m_ProbeAnchor: {fileID: 0}
  m_ScaleInLightmap: 1
  m_PreserveUVs: 0
  m_IgnoreNormalsForChartDetection: 0
  m_ImportantGI: 0
  m_MinimumChartSize: 4
  m_AutoUVMaxDistance: 0.5
  m_AutoUVMaxAngle: 89
  m_LightmapParameters: {fileID: 0}
  m_SortingLayerID: 0
  m_SortingOrder: 0
--- !u!33 &1469442233
MeshFilter:
  m_ObjectHideFlags: 0
  m_PrefabParentObject: {fileID: 3340672, guid: 9cfe6a5a1dc5548f8a7bb3c05d09edcf,
    type: 2}
  m_PrefabInternal: {fileID: 0}
  m_GameObject: {fileID: 1469442229}
  m_Mesh: {fileID: 0}
--- !u!1 &1501271058
GameObject:
  m_ObjectHideFlags: 0
  m_PrefabParentObject: {fileID: 140670, guid: 9cfe6a5a1dc5548f8a7bb3c05d09edcf, type: 2}
  m_PrefabInternal: {fileID: 0}
  serializedVersion: 4
  m_Component:
  - 4: {fileID: 1501271059}
  - 33: {fileID: 1501271064}
  - 23: {fileID: 1501271063}
  - 114: {fileID: 1501271062}
  - 114: {fileID: 1501271061}
  - 65: {fileID: 1501271060}
  m_Layer: 0
  m_Name: text
  m_TagString: Untagged
  m_Icon: {fileID: 0}
  m_NavMeshLayer: 0
  m_StaticEditorFlags: 0
  m_IsActive: 1
--- !u!4 &1501271059
Transform:
  m_ObjectHideFlags: 0
  m_PrefabParentObject: {fileID: 440670, guid: 9cfe6a5a1dc5548f8a7bb3c05d09edcf, type: 2}
  m_PrefabInternal: {fileID: 0}
  m_GameObject: {fileID: 1501271058}
  m_LocalRotation: {x: 0, y: 0, z: 0, w: 1}
  m_LocalPosition: {x: 0, y: 0.001, z: -0.1}
  m_LocalScale: {x: 1, y: 1, z: 1}
  m_LocalEulerAnglesHint: {x: 0, y: 0, z: 0}
  m_Children: []
  m_Father: {fileID: 1697335357}
  m_RootOrder: 0
--- !u!65 &1501271060
BoxCollider:
  m_ObjectHideFlags: 0
  m_PrefabParentObject: {fileID: 0}
  m_PrefabInternal: {fileID: 0}
  m_GameObject: {fileID: 1501271058}
  m_Material: {fileID: 0}
  m_IsTrigger: 0
  m_Enabled: 1
  serializedVersion: 2
  m_Size: {x: 0.2, y: 0.11, z: 0}
  m_Center: {x: 0, y: 0.00091145653, z: 0}
--- !u!114 &1501271061
MonoBehaviour:
  m_ObjectHideFlags: 0
  m_PrefabParentObject: {fileID: 0}
  m_PrefabInternal: {fileID: 0}
  m_GameObject: {fileID: 1501271058}
  m_Enabled: 1
  m_EditorHideFlags: 0
  m_Script: {fileID: 11500000, guid: d38d65f230299429c8a52cd1e8697d11, type: 3}
  m_Name: 
  m_EditorClassIdentifier: 
  m_ViewCamera: {fileID: 0}
  inputbusy: 0
  on: {fileID: 0}
  off: {fileID: 0}
  soundon: 1
  defaultvalue: 
--- !u!114 &1501271062
MonoBehaviour:
  m_ObjectHideFlags: 0
  m_PrefabParentObject: {fileID: 11440672, guid: 9cfe6a5a1dc5548f8a7bb3c05d09edcf,
    type: 2}
  m_PrefabInternal: {fileID: 0}
  m_GameObject: {fileID: 1501271058}
  m_Enabled: 1
  m_EditorHideFlags: 0
  m_Script: {fileID: 11500000, guid: 994457055a9434b4aa7b65ad37262d67, type: 3}
  m_Name: 
  m_EditorClassIdentifier: 
  _font: {fileID: 0}
  _text: 
  _color: {r: 1, g: 1, b: 1, a: 1}
  _color2: {r: 1, g: 1, b: 1, a: 1}
  _useGradient: 0
  _textureGradient: 0
  _anchor: 6
  _scale: {x: 1, y: 1, z: 1}
  _kerning: 0
  _maxChars: 16
  _inlineStyling: 0
  _formatting: 0
  _wordWrapWidth: 0
  spacing: 0
  lineSpacing: 0
  data:
    version: 1
    font: {fileID: 11469096, guid: daa6670596a0f4978a81695f9ab8080d, type: 2}
    text: 0
    color: {r: 0, g: 0, b: 0, a: 1}
    color2: {r: 1, g: 1, b: 1, a: 1}
    useGradient: 0
    textureGradient: 0
    anchor: 4
    renderLayer: 0
    scale: {x: 0.7, y: 0.7, z: 1}
    kerning: 0
    maxChars: 16
    inlineStyling: 0
    formatting: 0
    wordWrapWidth: 0
    spacing: 0
    lineSpacing: 0
--- !u!23 &1501271063
MeshRenderer:
  m_ObjectHideFlags: 0
  m_PrefabParentObject: {fileID: 2340670, guid: 9cfe6a5a1dc5548f8a7bb3c05d09edcf,
    type: 2}
  m_PrefabInternal: {fileID: 0}
  m_GameObject: {fileID: 1501271058}
  m_Enabled: 1
  m_CastShadows: 1
  m_ReceiveShadows: 1
  m_Materials:
  - {fileID: 2100000, guid: bfc6f7ef5794c4194908fc3766b8ffb1, type: 2}
  m_SubsetIndices: 
  m_StaticBatchRoot: {fileID: 0}
  m_UseLightProbes: 0
  m_ReflectionProbeUsage: 1
  m_ProbeAnchor: {fileID: 0}
  m_ScaleInLightmap: 1
  m_PreserveUVs: 0
  m_IgnoreNormalsForChartDetection: 0
  m_ImportantGI: 0
  m_MinimumChartSize: 4
  m_AutoUVMaxDistance: 0.5
  m_AutoUVMaxAngle: 89
  m_LightmapParameters: {fileID: 0}
  m_SortingLayerID: 0
  m_SortingOrder: 0
--- !u!33 &1501271064
MeshFilter:
  m_ObjectHideFlags: 0
  m_PrefabParentObject: {fileID: 3340670, guid: 9cfe6a5a1dc5548f8a7bb3c05d09edcf,
    type: 2}
  m_PrefabInternal: {fileID: 0}
  m_GameObject: {fileID: 1501271058}
  m_Mesh: {fileID: 0}
--- !u!1001 &1580467350
Prefab:
  m_ObjectHideFlags: 0
  serializedVersion: 2
  m_Modification:
    m_TransformParent: {fileID: 0}
    m_Modifications:
    - target: {fileID: 443368, guid: 968bee20a5e3df740a631bf27117ace1, type: 2}
      propertyPath: m_LocalPosition.x
      value: 0
      objectReference: {fileID: 0}
    - target: {fileID: 443368, guid: 968bee20a5e3df740a631bf27117ace1, type: 2}
      propertyPath: m_LocalPosition.y
      value: 0
      objectReference: {fileID: 0}
    - target: {fileID: 443368, guid: 968bee20a5e3df740a631bf27117ace1, type: 2}
      propertyPath: m_LocalPosition.z
      value: -10
      objectReference: {fileID: 0}
    - target: {fileID: 443368, guid: 968bee20a5e3df740a631bf27117ace1, type: 2}
      propertyPath: m_LocalRotation.x
      value: 0
      objectReference: {fileID: 0}
    - target: {fileID: 443368, guid: 968bee20a5e3df740a631bf27117ace1, type: 2}
      propertyPath: m_LocalRotation.y
      value: 0
      objectReference: {fileID: 0}
    - target: {fileID: 443368, guid: 968bee20a5e3df740a631bf27117ace1, type: 2}
      propertyPath: m_LocalRotation.z
      value: 0
      objectReference: {fileID: 0}
    - target: {fileID: 443368, guid: 968bee20a5e3df740a631bf27117ace1, type: 2}
      propertyPath: m_LocalRotation.w
      value: 1
      objectReference: {fileID: 0}
    - target: {fileID: 443368, guid: 968bee20a5e3df740a631bf27117ace1, type: 2}
      propertyPath: m_RootOrder
      value: 9
      objectReference: {fileID: 0}
    - target: {fileID: 2080324, guid: 968bee20a5e3df740a631bf27117ace1, type: 2}
      propertyPath: m_ClearFlags
      value: 2
      objectReference: {fileID: 0}
    - target: {fileID: 2080324, guid: 968bee20a5e3df740a631bf27117ace1, type: 2}
      propertyPath: m_CullingMask.m_Bits
      value: 4294967295
      objectReference: {fileID: 0}
    m_RemovedComponents: []
  m_ParentPrefab: {fileID: 100100000, guid: 968bee20a5e3df740a631bf27117ace1, type: 2}
  m_IsPrefabParent: 0
--- !u!1 &1619727958
GameObject:
  m_ObjectHideFlags: 0
  m_PrefabParentObject: {fileID: 140670, guid: 9cfe6a5a1dc5548f8a7bb3c05d09edcf, type: 2}
  m_PrefabInternal: {fileID: 0}
  serializedVersion: 4
  m_Component:
  - 4: {fileID: 1619727959}
  - 33: {fileID: 1619727962}
  - 23: {fileID: 1619727961}
  - 114: {fileID: 1619727960}
  m_Layer: 0
  m_Name: text
  m_TagString: Untagged
  m_Icon: {fileID: 0}
  m_NavMeshLayer: 0
  m_StaticEditorFlags: 0
  m_IsActive: 1
--- !u!4 &1619727959
Transform:
  m_ObjectHideFlags: 0
  m_PrefabParentObject: {fileID: 440670, guid: 9cfe6a5a1dc5548f8a7bb3c05d09edcf, type: 2}
  m_PrefabInternal: {fileID: 0}
  m_GameObject: {fileID: 1619727958}
  m_LocalRotation: {x: 0, y: 0, z: 0, w: 1}
  m_LocalPosition: {x: 0, y: 0, z: -0.1}
  m_LocalScale: {x: 1, y: 1, z: 1}
  m_LocalEulerAnglesHint: {x: 0, y: 0, z: 0}
  m_Children: []
  m_Father: {fileID: 658610654}
  m_RootOrder: 0
--- !u!114 &1619727960
MonoBehaviour:
  m_ObjectHideFlags: 0
  m_PrefabParentObject: {fileID: 11440672, guid: 9cfe6a5a1dc5548f8a7bb3c05d09edcf,
    type: 2}
  m_PrefabInternal: {fileID: 0}
  m_GameObject: {fileID: 1619727958}
  m_Enabled: 1
  m_EditorHideFlags: 0
  m_Script: {fileID: 11500000, guid: 994457055a9434b4aa7b65ad37262d67, type: 3}
  m_Name: 
  m_EditorClassIdentifier: 
  _font: {fileID: 0}
  _text: 
  _color: {r: 1, g: 1, b: 1, a: 1}
  _color2: {r: 1, g: 1, b: 1, a: 1}
  _useGradient: 0
  _textureGradient: 0
  _anchor: 6
  _scale: {x: 1, y: 1, z: 1}
  _kerning: 0
  _maxChars: 16
  _inlineStyling: 0
  _formatting: 0
  _wordWrapWidth: 0
  spacing: 0
  lineSpacing: 0
  data:
    version: 1
    font: {fileID: 11469096, guid: daa6670596a0f4978a81695f9ab8080d, type: 2}
    text: Calc CSV
    color: {r: 0, g: 0, b: 0, a: 1}
    color2: {r: 1, g: 1, b: 1, a: 1}
    useGradient: 0
    textureGradient: 0
    anchor: 4
    renderLayer: 0
    scale: {x: 0.5, y: 0.5, z: 1}
    kerning: 0
    maxChars: 16
    inlineStyling: 0
    formatting: 0
    wordWrapWidth: 0
    spacing: 0
    lineSpacing: 0
--- !u!23 &1619727961
MeshRenderer:
  m_ObjectHideFlags: 0
  m_PrefabParentObject: {fileID: 2340670, guid: 9cfe6a5a1dc5548f8a7bb3c05d09edcf,
    type: 2}
  m_PrefabInternal: {fileID: 0}
  m_GameObject: {fileID: 1619727958}
  m_Enabled: 1
  m_CastShadows: 1
  m_ReceiveShadows: 1
  m_Materials:
  - {fileID: 2100000, guid: bfc6f7ef5794c4194908fc3766b8ffb1, type: 2}
  m_SubsetIndices: 
  m_StaticBatchRoot: {fileID: 0}
  m_UseLightProbes: 0
  m_ReflectionProbeUsage: 1
  m_ProbeAnchor: {fileID: 0}
  m_ScaleInLightmap: 1
  m_PreserveUVs: 0
  m_IgnoreNormalsForChartDetection: 0
  m_ImportantGI: 0
  m_MinimumChartSize: 4
  m_AutoUVMaxDistance: 0.5
  m_AutoUVMaxAngle: 89
  m_LightmapParameters: {fileID: 0}
  m_SortingLayerID: 0
  m_SortingOrder: 0
--- !u!33 &1619727962
MeshFilter:
  m_ObjectHideFlags: 0
  m_PrefabParentObject: {fileID: 3340670, guid: 9cfe6a5a1dc5548f8a7bb3c05d09edcf,
    type: 2}
  m_PrefabInternal: {fileID: 0}
  m_GameObject: {fileID: 1619727958}
  m_Mesh: {fileID: 0}
--- !u!1 &1697335356
GameObject:
  m_ObjectHideFlags: 0
  m_PrefabParentObject: {fileID: 140672, guid: 9cfe6a5a1dc5548f8a7bb3c05d09edcf, type: 2}
  m_PrefabInternal: {fileID: 0}
  serializedVersion: 4
  m_Component:
  - 4: {fileID: 1697335357}
  - 33: {fileID: 1697335360}
  - 23: {fileID: 1697335359}
  - 114: {fileID: 1697335358}
  m_Layer: 0
  m_Name: editbox
  m_TagString: Untagged
  m_Icon: {fileID: 0}
  m_NavMeshLayer: 0
  m_StaticEditorFlags: 0
  m_IsActive: 1
--- !u!4 &1697335357
Transform:
  m_ObjectHideFlags: 0
  m_PrefabParentObject: {fileID: 440672, guid: 9cfe6a5a1dc5548f8a7bb3c05d09edcf, type: 2}
  m_PrefabInternal: {fileID: 0}
  m_GameObject: {fileID: 1697335356}
  m_LocalRotation: {x: 0, y: 0, z: 0, w: 1}
  m_LocalPosition: {x: 0.16347474, y: -0.6478549, z: -0.1}
  m_LocalScale: {x: 1, y: 1, z: 1}
  m_LocalEulerAnglesHint: {x: 0, y: 0, z: 0}
  m_Children:
  - {fileID: 1501271059}
  m_Father: {fileID: 907555414}
  m_RootOrder: 2
--- !u!114 &1697335358
MonoBehaviour:
  m_ObjectHideFlags: 0
  m_PrefabParentObject: {fileID: 11440674, guid: 9cfe6a5a1dc5548f8a7bb3c05d09edcf,
    type: 2}
  m_PrefabInternal: {fileID: 0}
  m_GameObject: {fileID: 1697335356}
  m_Enabled: 1
  m_EditorHideFlags: 0
  m_Script: {fileID: 11500000, guid: 14088a148d1a83e4780e3db13db5b6ca, type: 3}
  m_Name: 
  m_EditorClassIdentifier: 
  collection: {fileID: 11426088, guid: a5412c9a0d39a425fa22f4924255067b, type: 2}
  _color: {r: 1, g: 1, b: 1, a: 1}
  _scale: {x: 1, y: 1, z: 1}
  _spriteId: 3
  boxCollider2D: {fileID: 0}
  polygonCollider2D: []
  edgeCollider2D: []
  boxCollider: {fileID: 0}
  meshCollider: {fileID: 0}
  meshColliderPositions: []
  meshColliderMesh: {fileID: 0}
  renderLayer: 0
  _dimensions: {x: 168.63959, y: 98.88109}
  _anchor: 4
  _borderOnly: 0
  legacyMode: 0
  borderTop: 0.3265306
  borderBottom: 0.3265306
  borderLeft: 0.3265306
  borderRight: 0.3265306
  _createBoxCollider: 0
--- !u!23 &1697335359
MeshRenderer:
  m_ObjectHideFlags: 0
  m_PrefabParentObject: {fileID: 2340672, guid: 9cfe6a5a1dc5548f8a7bb3c05d09edcf,
    type: 2}
  m_PrefabInternal: {fileID: 0}
  m_GameObject: {fileID: 1697335356}
  m_Enabled: 1
  m_CastShadows: 1
  m_ReceiveShadows: 1
  m_Materials:
  - {fileID: 2100000, guid: 2e0a44bc88fe549b1bfbe9cdaf738395, type: 2}
  m_SubsetIndices: 
  m_StaticBatchRoot: {fileID: 0}
  m_UseLightProbes: 0
  m_ReflectionProbeUsage: 1
  m_ProbeAnchor: {fileID: 0}
  m_ScaleInLightmap: 1
  m_PreserveUVs: 0
  m_IgnoreNormalsForChartDetection: 0
  m_ImportantGI: 0
  m_MinimumChartSize: 4
  m_AutoUVMaxDistance: 0.5
  m_AutoUVMaxAngle: 89
  m_LightmapParameters: {fileID: 0}
  m_SortingLayerID: 0
  m_SortingOrder: 0
--- !u!33 &1697335360
MeshFilter:
  m_ObjectHideFlags: 0
  m_PrefabParentObject: {fileID: 3340672, guid: 9cfe6a5a1dc5548f8a7bb3c05d09edcf,
    type: 2}
  m_PrefabInternal: {fileID: 0}
  m_GameObject: {fileID: 1697335356}
  m_Mesh: {fileID: 0}
--- !u!1 &1707035498
GameObject:
  m_ObjectHideFlags: 0
  m_PrefabParentObject: {fileID: 140672, guid: 9cfe6a5a1dc5548f8a7bb3c05d09edcf, type: 2}
  m_PrefabInternal: {fileID: 0}
  serializedVersion: 4
  m_Component:
  - 4: {fileID: 1707035503}
  - 33: {fileID: 1707035502}
  - 23: {fileID: 1707035501}
  - 114: {fileID: 1707035500}
  m_Layer: 0
  m_Name: fonctionality
  m_TagString: Untagged
  m_Icon: {fileID: 0}
  m_NavMeshLayer: 0
  m_StaticEditorFlags: 0
  m_IsActive: 1
--- !u!114 &1707035500
MonoBehaviour:
  m_ObjectHideFlags: 0
  m_PrefabParentObject: {fileID: 11440674, guid: 9cfe6a5a1dc5548f8a7bb3c05d09edcf,
    type: 2}
  m_PrefabInternal: {fileID: 0}
  m_GameObject: {fileID: 1707035498}
  m_Enabled: 1
  m_EditorHideFlags: 0
  m_Script: {fileID: 11500000, guid: 14088a148d1a83e4780e3db13db5b6ca, type: 3}
  m_Name: 
  m_EditorClassIdentifier: 
  collection: {fileID: 11426088, guid: a5412c9a0d39a425fa22f4924255067b, type: 2}
  _color: {r: 0.3443988, g: 0.57634085, b: 0.9558824, a: 1}
  _scale: {x: 1, y: 1, z: 1}
  _spriteId: 0
  boxCollider2D: {fileID: 0}
  polygonCollider2D: []
  edgeCollider2D: []
  boxCollider: {fileID: 0}
  meshCollider: {fileID: 0}
  meshColliderPositions: []
  meshColliderMesh: {fileID: 0}
  renderLayer: 0
  _dimensions: {x: 926.375, y: 84.8165}
  _anchor: 4
  _borderOnly: 0
  legacyMode: 0
  borderTop: 0.3265306
  borderBottom: 0.3265306
  borderLeft: 0.3265306
  borderRight: 0.3265306
  _createBoxCollider: 0
--- !u!23 &1707035501
MeshRenderer:
  m_ObjectHideFlags: 0
  m_PrefabParentObject: {fileID: 2340672, guid: 9cfe6a5a1dc5548f8a7bb3c05d09edcf,
    type: 2}
  m_PrefabInternal: {fileID: 0}
  m_GameObject: {fileID: 1707035498}
  m_Enabled: 1
  m_CastShadows: 1
  m_ReceiveShadows: 1
  m_Materials:
  - {fileID: 2100000, guid: 2e0a44bc88fe549b1bfbe9cdaf738395, type: 2}
  m_SubsetIndices: 
  m_StaticBatchRoot: {fileID: 0}
  m_UseLightProbes: 0
  m_ReflectionProbeUsage: 1
  m_ProbeAnchor: {fileID: 0}
  m_ScaleInLightmap: 1
  m_PreserveUVs: 0
  m_IgnoreNormalsForChartDetection: 0
  m_ImportantGI: 0
  m_MinimumChartSize: 4
  m_AutoUVMaxDistance: 0.5
  m_AutoUVMaxAngle: 89
  m_LightmapParameters: {fileID: 0}
  m_SortingLayerID: 0
  m_SortingOrder: 0
--- !u!33 &1707035502
MeshFilter:
  m_ObjectHideFlags: 0
  m_PrefabParentObject: {fileID: 3340672, guid: 9cfe6a5a1dc5548f8a7bb3c05d09edcf,
    type: 2}
  m_PrefabInternal: {fileID: 0}
  m_GameObject: {fileID: 1707035498}
  m_Mesh: {fileID: 0}
--- !u!4 &1707035503
Transform:
  m_ObjectHideFlags: 0
  m_PrefabParentObject: {fileID: 440672, guid: 9cfe6a5a1dc5548f8a7bb3c05d09edcf, type: 2}
  m_PrefabInternal: {fileID: 0}
  m_GameObject: {fileID: 1707035498}
  m_LocalRotation: {x: 0, y: 0, z: 0.5372997, w: 0.8433914}
  m_LocalPosition: {x: 0.37524396, y: -0.073, z: 0}
  m_LocalScale: {x: 1, y: 1, z: 1}
  m_LocalEulerAnglesHint: {x: 0, y: 0, z: 0}
  m_Children:
  - {fileID: 365752865}
  m_Father: {fileID: 907555414}
  m_RootOrder: 0
--- !u!1001 &1725305617
Prefab:
  m_ObjectHideFlags: 0
  serializedVersion: 2
  m_Modification:
    m_TransformParent: {fileID: 0}
    m_Modifications:
    - target: {fileID: 486484, guid: f21dacaf1b148451cb50e22326e5aa19, type: 2}
      propertyPath: m_LocalPosition.x
      value: 0
      objectReference: {fileID: 0}
    - target: {fileID: 486484, guid: f21dacaf1b148451cb50e22326e5aa19, type: 2}
      propertyPath: m_LocalPosition.y
      value: 0
      objectReference: {fileID: 0}
    - target: {fileID: 486484, guid: f21dacaf1b148451cb50e22326e5aa19, type: 2}
      propertyPath: m_LocalPosition.z
      value: -6.61000013
      objectReference: {fileID: 0}
    - target: {fileID: 486484, guid: f21dacaf1b148451cb50e22326e5aa19, type: 2}
      propertyPath: m_LocalRotation.x
      value: 0
      objectReference: {fileID: 0}
    - target: {fileID: 486484, guid: f21dacaf1b148451cb50e22326e5aa19, type: 2}
      propertyPath: m_LocalRotation.y
      value: 0
      objectReference: {fileID: 0}
    - target: {fileID: 486484, guid: f21dacaf1b148451cb50e22326e5aa19, type: 2}
      propertyPath: m_LocalRotation.z
      value: 0
      objectReference: {fileID: 0}
    - target: {fileID: 486484, guid: f21dacaf1b148451cb50e22326e5aa19, type: 2}
      propertyPath: m_LocalRotation.w
      value: 1
      objectReference: {fileID: 0}
    - target: {fileID: 486484, guid: f21dacaf1b148451cb50e22326e5aa19, type: 2}
      propertyPath: m_RootOrder
      value: 5
      objectReference: {fileID: 0}
    - target: {fileID: 3347528, guid: f21dacaf1b148451cb50e22326e5aa19, type: 2}
      propertyPath: m_Mesh
      value: 
      objectReference: {fileID: 0}
    - target: {fileID: 3355614, guid: f21dacaf1b148451cb50e22326e5aa19, type: 2}
      propertyPath: m_Mesh
      value: 
      objectReference: {fileID: 0}
    - target: {fileID: 3334036, guid: f21dacaf1b148451cb50e22326e5aa19, type: 2}
      propertyPath: m_Mesh
      value: 
      objectReference: {fileID: 0}
    - target: {fileID: 3387070, guid: f21dacaf1b148451cb50e22326e5aa19, type: 2}
      propertyPath: m_Mesh
      value: 
      objectReference: {fileID: 0}
    m_RemovedComponents: []
  m_ParentPrefab: {fileID: 100100000, guid: f21dacaf1b148451cb50e22326e5aa19, type: 2}
  m_IsPrefabParent: 0
--- !u!1 &1875559296
GameObject:
  m_ObjectHideFlags: 0
  m_PrefabParentObject: {fileID: 140670, guid: 9cfe6a5a1dc5548f8a7bb3c05d09edcf, type: 2}
  m_PrefabInternal: {fileID: 0}
  serializedVersion: 4
  m_Component:
  - 4: {fileID: 1875559297}
  - 33: {fileID: 1875559300}
  - 23: {fileID: 1875559299}
  - 114: {fileID: 1875559298}
  m_Layer: 0
  m_Name: Title
  m_TagString: Untagged
  m_Icon: {fileID: 0}
  m_NavMeshLayer: 0
  m_StaticEditorFlags: 0
  m_IsActive: 1
--- !u!4 &1875559297
Transform:
  m_ObjectHideFlags: 0
  m_PrefabParentObject: {fileID: 440670, guid: 9cfe6a5a1dc5548f8a7bb3c05d09edcf, type: 2}
  m_PrefabInternal: {fileID: 0}
  m_GameObject: {fileID: 1875559296}
  m_LocalRotation: {x: 0, y: 0, z: 0, w: 1}
  m_LocalPosition: {x: 0.488, y: -0.065232396, z: -0.099999905}
  m_LocalScale: {x: 1, y: 1, z: 1}
  m_LocalEulerAnglesHint: {x: 0, y: 0, z: 0}
  m_Children: []
  m_Father: {fileID: 381830625}
  m_RootOrder: 0
--- !u!114 &1875559298
MonoBehaviour:
  m_ObjectHideFlags: 0
  m_PrefabParentObject: {fileID: 11440672, guid: 9cfe6a5a1dc5548f8a7bb3c05d09edcf,
    type: 2}
  m_PrefabInternal: {fileID: 0}
  m_GameObject: {fileID: 1875559296}
  m_Enabled: 1
  m_EditorHideFlags: 0
  m_Script: {fileID: 11500000, guid: 994457055a9434b4aa7b65ad37262d67, type: 3}
  m_Name: 
  m_EditorClassIdentifier: 
  _font: {fileID: 0}
  _text: 
  _color: {r: 1, g: 1, b: 1, a: 1}
  _color2: {r: 1, g: 1, b: 1, a: 1}
  _useGradient: 0
  _textureGradient: 0
  _anchor: 6
  _scale: {x: 1, y: 1, z: 1}
  _kerning: 0
  _maxChars: 16
  _inlineStyling: 0
  _formatting: 0
  _wordWrapWidth: 0
  spacing: 0
  lineSpacing: 0
  data:
    version: 1
    font: {fileID: 11469096, guid: daa6670596a0f4978a81695f9ab8080d, type: 2}
    text: "Fonctionalit\xE9es"
    color: {r: 1, g: 1, b: 1, a: 1}
    color2: {r: 1, g: 1, b: 1, a: 1}
    useGradient: 0
    textureGradient: 0
    anchor: 3
    renderLayer: 0
    scale: {x: 0.8, y: 0.8, z: 1}
    kerning: 0
    maxChars: 22
    inlineStyling: 0
    formatting: 0
    wordWrapWidth: 0
    spacing: 0
    lineSpacing: 0
--- !u!23 &1875559299
MeshRenderer:
  m_ObjectHideFlags: 0
  m_PrefabParentObject: {fileID: 2340670, guid: 9cfe6a5a1dc5548f8a7bb3c05d09edcf,
    type: 2}
  m_PrefabInternal: {fileID: 0}
  m_GameObject: {fileID: 1875559296}
  m_Enabled: 1
  m_CastShadows: 1
  m_ReceiveShadows: 1
  m_Materials:
  - {fileID: 2100000, guid: bfc6f7ef5794c4194908fc3766b8ffb1, type: 2}
  m_SubsetIndices: 
  m_StaticBatchRoot: {fileID: 0}
  m_UseLightProbes: 0
  m_ReflectionProbeUsage: 1
  m_ProbeAnchor: {fileID: 0}
  m_ScaleInLightmap: 1
  m_PreserveUVs: 0
  m_IgnoreNormalsForChartDetection: 0
  m_ImportantGI: 0
  m_MinimumChartSize: 4
  m_AutoUVMaxDistance: 0.5
  m_AutoUVMaxAngle: 89
  m_LightmapParameters: {fileID: 0}
  m_SortingLayerID: 0
  m_SortingOrder: 0
--- !u!33 &1875559300
MeshFilter:
  m_ObjectHideFlags: 0
  m_PrefabParentObject: {fileID: 3340670, guid: 9cfe6a5a1dc5548f8a7bb3c05d09edcf,
    type: 2}
  m_PrefabInternal: {fileID: 0}
  m_GameObject: {fileID: 1875559296}
  m_Mesh: {fileID: 0}
--- !u!1 &1875600595
GameObject:
  m_ObjectHideFlags: 0
  m_PrefabParentObject: {fileID: 140670, guid: 9cfe6a5a1dc5548f8a7bb3c05d09edcf, type: 2}
  m_PrefabInternal: {fileID: 0}
  serializedVersion: 4
  m_Component:
  - 4: {fileID: 1875600596}
  - 33: {fileID: 1875600599}
  - 23: {fileID: 1875600598}
  - 114: {fileID: 1875600597}
  m_Layer: 0
  m_Name: text
  m_TagString: Untagged
  m_Icon: {fileID: 0}
  m_NavMeshLayer: 0
  m_StaticEditorFlags: 0
  m_IsActive: 1
--- !u!4 &1875600596
Transform:
  m_ObjectHideFlags: 0
  m_PrefabParentObject: {fileID: 440670, guid: 9cfe6a5a1dc5548f8a7bb3c05d09edcf, type: 2}
  m_PrefabInternal: {fileID: 0}
  m_GameObject: {fileID: 1875600595}
  m_LocalRotation: {x: 0, y: 0, z: 0, w: 1}
  m_LocalPosition: {x: 0.558, y: 0.007, z: -0.1}
  m_LocalScale: {x: 1, y: 1, z: 1}
  m_LocalEulerAnglesHint: {x: 0, y: 0, z: 0}
  m_Children: []
  m_Father: {fileID: 1469442230}
  m_RootOrder: 0
--- !u!114 &1875600597
MonoBehaviour:
  m_ObjectHideFlags: 0
  m_PrefabParentObject: {fileID: 11440672, guid: 9cfe6a5a1dc5548f8a7bb3c05d09edcf,
    type: 2}
  m_PrefabInternal: {fileID: 0}
  m_GameObject: {fileID: 1875600595}
  m_Enabled: 1
  m_EditorHideFlags: 0
  m_Script: {fileID: 11500000, guid: 994457055a9434b4aa7b65ad37262d67, type: 3}
  m_Name: 
  m_EditorClassIdentifier: 
  _font: {fileID: 0}
  _text: 
  _color: {r: 1, g: 1, b: 1, a: 1}
  _color2: {r: 1, g: 1, b: 1, a: 1}
  _useGradient: 0
  _textureGradient: 0
  _anchor: 6
  _scale: {x: 1, y: 1, z: 1}
  _kerning: 0
  _maxChars: 16
  _inlineStyling: 0
  _formatting: 0
  _wordWrapWidth: 0
  spacing: 0
  lineSpacing: 0
  data:
    version: 1
    font: {fileID: 11469096, guid: daa6670596a0f4978a81695f9ab8080d, type: 2}
    text: Mytext
    color: {r: 1, g: 1, b: 1, a: 1}
    color2: {r: 1, g: 1, b: 1, a: 1}
    useGradient: 0
    textureGradient: 0
    anchor: 5
    renderLayer: 0
    scale: {x: 1, y: 1, z: 1}
    kerning: 0
    maxChars: 16
    inlineStyling: 0
    formatting: 0
    wordWrapWidth: 0
    spacing: 0
    lineSpacing: 0
--- !u!23 &1875600598
MeshRenderer:
  m_ObjectHideFlags: 0
  m_PrefabParentObject: {fileID: 2340670, guid: 9cfe6a5a1dc5548f8a7bb3c05d09edcf,
    type: 2}
  m_PrefabInternal: {fileID: 0}
  m_GameObject: {fileID: 1875600595}
  m_Enabled: 1
  m_CastShadows: 1
  m_ReceiveShadows: 1
  m_Materials:
  - {fileID: 2100000, guid: bfc6f7ef5794c4194908fc3766b8ffb1, type: 2}
  m_SubsetIndices: 
  m_StaticBatchRoot: {fileID: 0}
  m_UseLightProbes: 0
  m_ReflectionProbeUsage: 1
  m_ProbeAnchor: {fileID: 0}
  m_ScaleInLightmap: 1
  m_PreserveUVs: 0
  m_IgnoreNormalsForChartDetection: 0
  m_ImportantGI: 0
  m_MinimumChartSize: 4
  m_AutoUVMaxDistance: 0.5
  m_AutoUVMaxAngle: 89
  m_LightmapParameters: {fileID: 0}
  m_SortingLayerID: 0
  m_SortingOrder: 0
--- !u!33 &1875600599
MeshFilter:
  m_ObjectHideFlags: 0
  m_PrefabParentObject: {fileID: 3340670, guid: 9cfe6a5a1dc5548f8a7bb3c05d09edcf,
    type: 2}
  m_PrefabInternal: {fileID: 0}
  m_GameObject: {fileID: 1875600595}
  m_Mesh: {fileID: 0}
